3188 4962
683 351 879 418 ..3..

301 569 447 655 Utrique
483 569 588 656 capiti
617 567 876 655 dispositionem
899 569 948 634 ita
971 563 1182 657 subiungam,
1206 577 1245 636 nt
1269 593 1364 636 ana-

92 753 95 759 ,
196 685 371 752 themata
413 685 578 773 publica
622 691 660 750 et
704 685 866 772 privata
904 686 1086 772 separatim
1123 695 1288 753 vocentur
1326 685 1364 752 in

196 803 437 888 quaestionem.

409 1032 437 1113 Ι.
465 1031 593 1133 Agitur
620 1031 660 1112 de
688 1032 930 1113 anathematis
958 1032 1160 1114 ordinariis.

638 1246 666 1314 l.
691 1247 733 1314 de
753 1248 925 1331 puhlicis.

303 1397 571 1464 Anathematum
588 1421 673 1483 quae
697 1399 868 1464 ordinaria
883 1421 903 1464 a
918 1421 973 1464 me
988 1399 1208 1464 nominantur
1230 1397 1366 1486 publica

197 1515 265 1580 nisi
300 1538 377 1580 cum
411 1514 525 1580 reditu
559 1513 691 1580 dierum
724 1513 889 1580 festorum
924 1515 1104 1580 coniuncta
1137 1537 1208 1581 non
1235 1515 1364 1582 inveni.

198 1631 444 1696 Perlustremus
469 1631 604 1716 singula
628 1630 789 1696 Graeciae
812 1631 895 1696 loca.

304 1747 478 1813 Athenis
535 1746 616 1812 inde
666 1769 685 1811 a
738 1746 913 1812 Pisistrati
958 1752 1068 1811 aetate
1115 1745 1206 1832 quod
1250 1746 1367 1813 docuit

197 1863 239 1928 A.
263 1857 537 1942 Mommsenius1)
560 1897 605 1908 —
627 1885 688 1949 pro
703 1863 952 1928 Panathenaeis
967 1861 1113 1948 Magnis
1138 1885 1223 1948 quae
1247 1863 1366 1949 quinto

198 2001 331 2064 quoque
348 2001 436 2044 anno
453 1977 649 2063 agebantur,
662 1977 885 2064 avirginibus
902 1979 939 2043 in
954 1979 1037 2043 urbe
1049 1978 1155 2044 vestis
1172 1971 1330 2062 (πέπλος)
1338 1973 1365 2062 ²)

197 2095 377 2160 texebatur
405 2095 498 2159 etin
520 2095 696 2159 Minervae
719 2095 845 2182 templo
869 2094 1110 2182 deponebatur.
1157 2095 1281 2160 Postea
1304 2116 1366 2182 pro

160 2273 165 2284 ,
199 2212 321 2276 annuis
356 2233 486 2296 quoque
521 2209 769 2275 Panathenaeis
804 2211 920 2296 vestis,
955 2233 1025 2276 non
1059 2233 1079 2276 a
1106 2209 1300 2296 virginibus
1329 2209 1367 2276 in

197 2327 290 2412 urbe,
327 2326 387 2392 sed
414 2328 451 2392 in
477 2327 604 2413 templo
627 2326 803 2392 Minervae
832 2327 907 2413 ipso
934 2327 1098 2412 magistra
1126 2325 1299 2392 sacerdote
1323 2326 1366 2393 ab

199 2439 446 2532 arrhephoris3)
482 2465 565 2529 quae
600 2444 765 2508 venantur
799 2443 942 2527 duabus,
979 2443 1100 2528 quibus
1134 2465 1259 2507 nomen
1295 2448 1368 2508 erat

67 2555 70 2566 ’
196 2547 450 2644 Ἕργαστῖναύ),
485 2554 702 2638 texebaturl).
749 2561 889 2626 Vestem
922 2558 1237 2624 Panathenaeorum
1271 2559 1367 2644 Mag-

198 2698 318 2741 norum
346 2676 442 2740 illam
469 2698 576 2760 usque
604 2675 648 2740 ad
675 2676 845 2740 saeculum
868 2680 1026 2760 quartum
1048 2697 1080 2761 p.
1106 2673 1185 2740 Ohr.
1211 2697 1285 2739 esse
1309 2673 1366 2739 de-

199 2790 356 2875 dicatam,
378 2791 477 2856 testis
502 2798 553 2854 est
575 2791 761 2857 Himerius.

306 2906 486 2992 Amyclis
514 2884 671 2971 mulieres
694 2905 980 2972 Lacedaemoniae
1004 2905 1187 2992 quotannis
1211 2905 1368 2992 Apollini
1440 2986 1442 2990 Ι

200 3027 331 3084 vestem
355 3020 501 3102 (χιτῶνα)
529 3021 566 3085 in
590 3021 758 3106 aedificio,
789 3022 878 3106 qnod
901 3023 1014 3108 ipsum
1036 3022 1221 3088 vocabatur
1244 3013 1367 3106 Xuaco'v,

143 3213 144 3216 Ἴ
200 3135 363 3200 texebant
387 3134 499 3218 (Paus.
524 3137 587 3221 III,
613 3137 664 3220 16,
689 3137 732 3216 2).
781 3137 889 3214 Quem
912 3159 1039 3202 morem
1062 3160 1122 3222 pro
1146 3137 1367 3223 Hyacinthiis

199 3257 258 3316 aut
280 3250 421 3317 Oarneis
448 3252 604 3337 valuisse,
628 3253 815 3318 verisimile
837 3253 923 3317 mihi
946 3254 1082 3319 videtur
1106 3253 1161 3335 (cf.
1186 3253 1365 3319 Hermann

199 3367 221 3431 l.
245 3368 267 3432 1.
292 3369 312 3446 ξ
336 3364 403 3450 53).

306 3482 425 3548 Elide
453 3485 635 3570 collegium
658 3484 806 3550 sedecim
829 3485 1008 3549 mulierum
1030 3485 1225 3550 Eliacarum
1249 3485 1368 3570 quinto

201 3621 333 3684 quoqne
357 3623 446 3666 anno
470 3601 842 3692 JnnoniOlympiacae
866 3607 997 3665 vestem
1027 3593 1186 3684 (πέπλον)
1210 3600 1248 3665 in
1271 3599 1369 3665 domo

121 3712 122 3716 ’
201 3714 346 3800 quadam
368 3711 575 3799 1119111116).

200 3911 413 3922 *—

308 4063 336 4130 1)
355 4060 542 4132 Heortologie
561 4081 587 4134 p.
609 4062 669 4117 185.

306 4151 335 4222 2)
354 4151 513 4222 Michaelis,
532 4153 702 4208 Parthenon
721 4171 748 4225 p.
767 4152 827 4207 328.

306 4239 335 4312 3)
355 4241 472 4296 omnino
491 4247 575 4296 erant
593 4261 713 4298 numero
732 4248 878 4314 quattuor.

307 4329 335 4400 4)
354 4332 482 4404 Hesych.
501 4351 528 4387 v.
548 4324 731 4404 Ἐργαστῖναι,
770 4331 814 4386 Cf.
833 4331 930 4386 Mitth.
951 4329 984 4384 A.
1004 4330 1032 4386 J.
1051 4325 1128 4383 VIII
1146 4346 1173 4399 p.
1193 4329 1306 4384 57-66.

307 4420 335 4490 5)
356 4421 399 4476 Of.
418 4420 453 4476 A.
473 4421 636 4476 Mommuen
653 4423 672 4475 l.
691 4421 709 4476 l.
728 4440 755 4493 p.
771 4422 822 4476 119
841 4426 870 4476 et
890 4421 954 4490 1885
973 4416 1124 4475 Botticher
1143 4417 1247 4474 Tekt.2
1265 4437 1291 4490 p.
1311 4417 1370 4472 569.

309 4510 338 4579 6)
357 4512 442 4566 Paua.
462 4511 496 4581 V,
518 4513 559 4582 16,
578 4513 608 4581 2;
627 4512 670 4568 VI
688 4511 731 4582 24,
753 4511 794 4568 10.

1179 4616 1211 4673 Ι*
