3188 4962
674 357 892 422 ...39..

199 570 261 636 hoc
283 571 377 656 legas
404 570 510 636 velim
542 593 627 656 quae
654 569 743 636 dixit
769 570 982 640 Kuhnertius
990 565 1025 654 1).
1071 570 1191 640 Liceat
1213 570 1300 638 mihi
1323 572 1367 638 si-

198 686 278 750 mile
302 685 472 771 quoddam
496 688 687 773 exemplum
710 685 843 752 addere.
886 685 942 752 Ab
964 687 1247 773 Hypermnestra,
1271 711 1366 774 quae,

198 825 217 868 a
240 803 358 868 Danao
387 808 482 888 patre
517 802 559 868 ob
582 802 760 888 Lynceum
788 809 960 866 servatum
982 803 1019 868 in
1043 803 1095 868 ius
1118 809 1246 890 vocata,
1272 805 1367 871 abso-

196 918 269 982 luta
304 924 402 1002 esset,
438 917 543 1003 Argis
578 924 691 984 statua
713 918 856 984 Veneris
892 899 1017 984 dicitnr
1051 918 1317 1006 depositaesse·
1330 921 1368 986 in
1398 949 1402 956 ⁴

197 1033 317 1099 eodem
351 1035 491 1120 temple,
528 1035 617 1119 quod
656 1041 756 1100 antea
793 1040 889 1120 pater
924 1039 1179 1101 consecraverat
1213 1035 1368 1122 Apollini

196 1141 361 1232 Avaip2).
422 1151 552 1216 Eadem
592 1150 710 1216 eodem
747 1151 820 1216 loco
860 1149 979 1216 fanum
1013 1151 1144 1216 Dianae
1183 1149 1367 1237 neieotgss)

197 1271 354 1330 narratur
380 1266 583 1332 condidisse.
628 1267 785 1352 Denique
814 1266 856 1332 ad
885 1266 1080 1352 coniugium
1104 1275 1234 1354 spectat
1257 1275 1368 1336 statua

196 1381 387 1448 Pudicitiae
411 1375 564 1462 (Αἰδοῦς)
598 1404 704 1469 prope
738 1382 781 1448 ad
804 1383 960 1468 Spartam
993 1383 1113 1468 posita.
1159 1385 1247 1450 Eam
1275 1386 1368 1452 enim

197 1496 239 1562 ab
261 1497 384 1582 Icario,
418 1521 494 1564 oum
522 1498 693 1584 Penelope
727 1497 799 1564 filia
821 1498 917 1565 Ulixi
951 1497 1139 1585 nupsisset,
1177 1500 1368 1568 dedicatam

196 1635 269 1678 esse
292 1609 510 1692 Pausanias4)
546 1620 597 1678 est
631 1613 740 1678 testis.
786 1614 881 1678 Haec
916 1621 996 1678 sunt
1023 1615 1240 1682 anathemata
1263 1619 1368 1684 aetati

195 1729 368 1814 mythicae
391 1729 564 1795 attributa.
610 1731 640 1796 Ε
676 1729 825 1796 donariis
857 1729 1019 1796 historiae
1046 1730 1114 1796 fide
1142 1731 1367 1820 comprobatis
1428 1754 1430 1760 ’

195 1843 251 1910 hic
285 1867 405 1910 manus
440 1845 515 1910 illas
549 1846 693 1930 votivae,
729 1845 767 1910 in
801 1846 924 1932 quibus
959 1845 1045 1912 duae
1079 1871 1243 1934 personae
1267 1872 1368 1938 super

195 1983 288 2026 aram
310 1982 430 2026 manus
453 1962 544 2026 inter
567 1984 603 2026 re
630 1962 812 2046 iungentes
841 1969 995 2028 exaratae
1019 1959 1141 2049 sunt⁵)‚
1166 1987 1366 2032 commemo-

195 2075 318 2141 randas
343 2099 415 2142 esse
438 2084 529 2164 pute.
952 2059 955 2092 Ι
1132 2159 1135 2164 ,

302 2191 409 2258 Aliud
443 2193 658 2260 donariorum
691 2215 799 2278 genus
828 2194 871 2260 ad
893 2195 1078 2260 liberorum
1101 2202 1136 2262 et
1158 2192 1309 2282 partusl)
1332 2205 1368 2264 et

194 2307 318 2374 bonam
340 2308 572 2375 valetudinem
594 2310 753 2396 pertinet.
793 2310 849 2376 Ad
872 2310 1061 2376 Phaedram
1083 2311 1277 2378 referuntur
1301 2319 1368 2378 sta-

193 2431 273 2490 tuae
295 2424 456 2510 Hithyiae
481 2425 565 2490 duae
581 2425 729 2490 Athenis
746 2422 970 2512 collocasset,
995 2412 1037 2492 ad
1060 2429 1229 2494 Helenam
1251 2428 1369 2495 fanum

195 2541 346 2606 eiusdem
370 2541 452 2608 deae
463 2540 568 2627 Argis
586 2537 800 2622 conditum8).
825 2543 986 2608 Mulieres
1008 2544 1122 2628 Eleae,
1147 2567 1224 2610 cum
1246 2544 1368 2632 perdiu
1391 2571 1393 2576 ·

194 2657 312 2724 liberis
335 2657 532 2742 caruissent,
550 2657 688 2722 tandem
703 2659 864 2744 gravidae
888 2659 980 2725 domi
1002 2661 1168 2747 templum
1191 2661 1368 2728 Minervae

196 2765 334 2858 Μητρός
341 2769 366 2856 ⁰)
384 2773 617 2838 condiderunt.
655 2773 852 2860 Complures
871 2798 1003 2860 quoque
1015 2799 1135 2842 manns
1153 2775 1290 2844 votivae
1301 2777 1368 2844 huc

196 2895 360 2973 spectant,
384 2889 446 2954 sub
460 2911 601 2973 quarum
617 2888 787 2954 radicibus
805 2912 971 2976 puerpera
987 2915 1064 2958 cum
1076 2891 1208 2958 infante
1219 2893 1368 2960 lactente

196 3009 309 3087 potest
331 2998 537 3090 oonspiei10).
574 3004 623 3070 Ut
640 3009 752 3068 autem
772 3005 839 3069 iam
860 3005 941 3091 dixi,
966 3005 1105 3074 donaria
1122 3014 1241 3075 extant
1264 3009 1366 3078 etiam

196 3115 240 3180 ad
255 3116 437 3184 liberorum
456 3119 579 3186 bonam
599 3119 831 3186 valetudinem
847 3123 1045 3206 spectantia.
1078 3123 1218 3190 Titanes
1241 3133 1366 3192 matres

195 3238 343 3298 statuam
366 3235 535 3321 Hygieiae
558 3241 596 3300 ut
619 3235 798 3302 sanitatem
814 3237 996 3304 liberorum
1020 3240 1241 3326 impetrarent
1264 3242 1365 3307 crini-

195 3423 407 3430 -——---———

304 3545 330 3616 1)
348 3547 366 3600 1.
386 3547 404 3600 l.
423 3566 449 3618 p.
469 3547 534 3601 252:
564 3545 653 3618 „Eine
672 3548 921 3620 ungewdhnliche,
940 3549 970 3602 in
990 3549 1203 3605 Griechenland
1221 3550 1366 3606 durchaus

195 3634 372 3706 beispiellose
399 3635 606 3708 Impertinenz‚
636 3637 681 3692 die
708 3637 928 3692 unzweifelhaft
955 3655 1011 3692 nur
1038 3637 1069 3692 in
1094 3639 1149 3694 den
1168 3639 1280 3695 Hirnen
1307 3658 1365 3694 von

194 3723 343 3795 Exegeten
361 3725 538 3796 ausgeheckt
557 3725 619 3780 sein
637 3725 741 3780 kann.“

301 3812 329 3885 2)
348 3815 433 3869 Paus.
453 3815 491 3884 Π,
512 3816 553 3884 19,
573 3815 597 3869 3.
617 3817 641 3868 6.
