3188 4962
714 335 909 403 υῌ4..

332 554 389 620 De
411 554 510 622 Delo
539 554 650 619 insula
678 553 789 619 titulis
813 577 832 618 a
855 553 918 618 rh.
943 554 1099 620 Homolle
1122 553 1159 618 in
1182 554 1293 619 lucem
1316 577 1392 641 pro-

224 670 304 736 latis
333 677 367 735 et
395 671 496 736 editis
527 670 672 756 plurima
695 669 931 755 cognovimus;
966 669 1008 734 cf.
1039 669 1208 756 imprimis
1236 671 1325 736 Bull.
1351 670 1393 735 de

226 808 308 852 corr.
332 787 410 852 11911.
428 787 479 852 Vl
506 817 543 836 =
572 787 656 851 1882
680 808 736 872 pp.
762 786 929 869 ‘ra-543
954 787 1126 851 85-167.
1174 786 1309 852 Annuis
1333 809 1391 852 an·

224 901 388 967 fractibus
422 925 504 968 vasa
538 903 666 988 viginti
700 902 766 967 duo
799 902 841 966 ab
869 902 911 966 iis
940 902 997 986 qui
1020 901 1253 967 thesaurorum
1277 925 1392 967 curam

225 1026 443 1104 susceperant
477 1018 514 1083 in
537 1018 709 1104 Apollinis
744 1019 909 1104 templum
937 1017 1186 1108 deferebantur.
1232 1019 1257 1084 J
1258 1017 1270 1082 i
1299 1018 1391 1082 enim

224 1134 283 1219 qui
317 1133 474 1200 thesauro
508 1133 649 1220 profano
682 1140 861 1220 praeerant
895 1133 917 1198 i.
943 1157 970 1199 9.
999 1126 1116 1212 ταμίαι
1144 1133 1273 1218 viginti
1308 1155 1390 1198 vasa

222 1249 412 1335 tradebant,
449 1251 507 1336 qui
530 1250 688 1316 thesauro
723 1271 816 1314 sacro
839 1257 1017 1335 praeerant
1039 1249 1061 1314 i.
1087 1272 1114 1314 9.
1152 1241 1318 1332 ἱεροποιοὶ
1353 1249 1390 1314 in

223 1365 353 1431 duobus
383 1373 517 1431 tantum
545 1364 813 1451 acquiescebant.
860 1366 954 1430 Haeo
982 1365 1049 1430 duo
1072 1364 1328 1451 deponebantur
1351 1388 1390 1431 eo

223 1481 278 1546 die
315 1503 379 1566 quo
405 1470 561 1558 Εὖτύχεια
597 1488 631 1545 et
662 1475 887 1566 Φιλοδέλφειο
916 1480 1112 1566 agebantur,
1137 1503 1202 1565 qua
1226 1479 1267 1545 de
1291 1503 1390 1546 causa

221 1597 265 1662 iis
297 1575 439 1662 *nomina
473 1605 553 1662 sunt
587 1597 698 1662 indita
726 1586 897 1674 Εὐτῦχειος
925 1604 959 1662 et
985 1591 1233 1680 Φιλοδέλφειος.
1281 1595 1389 1673 Quae·

220 1701 317 1798 ritui,
353 1736 436 1778 num
458 1713 586 1798 viginti
615 1735 746 1799 quoque
773 1735 855 1777 vasa
877 1712 936 1776 illa
960 1712 1061 1776 certis
1085 1711 1205 1777 diebus
1229 1712 1328 1776 festis
1351 1712 1389 1776 in

220 1829 341 1914 templi
364 1829 507 1894 tutelam
523 1829 679 1894 abierint.
719 1828 914 1894 Verisimile
930 1827 993 1893 hoc
1009 1850 1070 1914 per
1086 1850 1121 1891 se
1145 1850 1219 1892 esse
1241 1826 1386 1912 videtur,

221 1944 251 2009 si
274 1944 376 2008 istam
404 1944 684 2010 consuetudinem
711 1942 901 2029 hieropoeis
929 1943 1100 2029 propriam
1128 1943 1384 2030 comparaveris.

219 2059 379 2145 Accedit,
416 2060 505 2146 quod
539 2083 633 2144 vasa,
665 2060 707 2124 de
731 2059 853 2144 quibus
877 2059 1003 2143 agitur,
1028 2060 1202 2123 nonnullis
1224 2060 1307 2124 locis
1327 2057 1386 2140 (cf.

219 2175 241 2240 l.
258 2176 280 2240 1.
297 2199 328 2262 p.
349 2173 425 2259 144)
450 2199 525 2240 cum
549 2175 743 2241 nominibus
767 2175 927 2240 feriarum
951 2174 1131 2239 coniuncta
1154 2175 1385 2240 inveniuntur.

328 2290 396 2356 Sed
420 2291 614 2357 coniectura
642 2293 728 2378 sola,
759 2290 897 2356 donaria
923 2312 1055 2376 quoque
1080 2290 1257 2355 civitatum
1282 2297 1316 2355 et
1338 2313 1390 2355 19-

220 2431 304 2494 gum
339 2415 555 2472 externorum
589 2406 686 2472 festis
722 2407 841 2472 diebus
877 2405 939 2470 deo
974 2427 1048 2470 esse
1082 2405 1174 2489 data,
1211 2429 1389 2492 possumus

221 2523 391 2609 consequi.
435 2524 477 2588 ln
501 2546 644 2609 quorum
667 2517 839 2604 numerol)
865 2522 929 2586 Cos
954 2529 988 2586 et
1010 2521 1152 2586 Rhodus
1176 2523 1306 2588 insulae
1329 2545 1390 2610 per

219 2639 360 2725 longum
394 2640 556 2727 temporis
591 2640 739 2726 spatium
769 2662 788 2706 a
821 2637 943 2724 legatis
978 2638 1105 2702 votivis
1141 2638 1162 2702 i.
1195 2662 1222 2703 e.
1247 2638 1389 2722 θεωροῖς

219 2763 369 2842 pateram
391 2757 656 2820 anniversariam
672 2757 709 2819 in
724 2755 905 2841 Apollineo
926 2753 1160 2840 deponendam
1182 2749 1388 2837 curabant2).

219 2872 293 2936 Hoc
317 2871 412 2936 feriis
433 2871 603 2958 Apollinis
620 2871 712 2935 Delii
735 2871 804 2934 illis
827 2869 1015 2934 notissimis
1040 2869 1167 2934 factum
1192 2893 1275 2954 esse,
1298 2871 1387 2935 veri-

218 2987 430 3060 simillimum
471 2988 557 3052 mihi
595 2986 740 3051 videtur.
800 2987 995 3072 Sequuntur
1034 3008 1130 3070 reges
1166 2985 1320 3072 Aegypti
1354 2993 1388 3050 et

217 3098 476 3187 Macedoniaeil),
502 3125 643 3188 quorum
665 3103 813 3188 primum
837 3101 1052 3166 anathemata
1075 3101 1308 3166 anniversaria
1330 3100 1387 3165 de-

217 3217 346 3283 dicasse
369 3219 601 3284 Ptolemaeum
624 3219 650 3302 l,
674 3218 762 3302 Lagi
786 3217 908 3301 filium,
933 3218 1092 3282 Homolle
1119 3216 1386 3303 argumentando

217 3332 342 3398 docuit.
387 3335 495 3420 Regis
531 3335 710 3400 consilium
745 3356 810 3418 quo
846 3335 1051 3418 spectaverit
1081 3341 1133 3398 est
1156 3334 1385 3400 manifestum.

215 3449 322 3514 Delus
357 3450 476 3534 insula,
515 3473 599 3536 quac
634 3449 693 3514 diu
716 3450 826 3535 gloria
850 3456 1016 3534 caruerat,
1048 3456 1130 3514 tunc
1154 3449 1197 3514 ad
1221 3473 1386 3514 summam

216 3565 453 3630 auctoritatem
487 3565 667 3629 florescens
703 3565 740 3629 in
775 3566 927 3630 omnium
951 3588 1007 3631 ore
1031 3589 1069 3630 ac
1094 3588 1247 3630 sermone
1271 3588 1384 3631 versa-

215 3680 327 3763 batur;
368 3703 448 3744 nam
487 3688 614 3745 ceteras
649 3681 815 3766 Cycladas
852 3704 965 3746 secum
989 3679 1084 3746 'duce
1119 3675 1384 3762 coniunxerat4).

213 3795 333 3880 ltaque
362 3796 419 3860 ille
447 3797 557 3882 gratia
585 3797 889 3883 benevolentiaque
917 3797 1048 3862 insulae
1077 3819 1189 3862 sacrae
1214 3819 1325 3862 carere
1349 3818 1384 3859 se

214 3993 426 4002 *-

321 4132 348 4203 1)
366 4133 411 4188 De
429 4132 606 4188 Alexandria
625 4134 695 4189 urbe
714 4134 750 4188 ef.
769 4133 786 4190 l.
806 4135 824 4188 l.
843 4152 870 4206 p.
892 4133 942 4186 165
961 4131 1026 4188 adn.
1046 4135 1070 4188 5.

320 4222 348 4294 2)
370 4223 414 4279 of.
433 4223 512 4278 tituli
530 4224 548 4278 l.
568 4225 585 4277 l.
605 4243 631 4295 p.
655 4225 690 4278 29
702 4225 780 4282 -54
798 4223 876 4296 typis
895 4223 1023 4294 expressi
1041 4223 1132 4279 lineas
1151 4224 1193 4294 31,
1212 4223 1255 4293 35,
1274 4223 1318 4293 37,
1337 4223 1381 4292 38,

212 4312 255 4382 39,
275 4313 317 4382 94,
337 4313 379 4381 95,
400 4314 459 4382 107,
480 4314 539 4382 109,
560 4314 618 4367 162.
1051 4333 1053 4338 ’

318 4402 347 4472 3)
367 4402 472 4456 Rarius
491 4419 573 4473 reges
592 4402 691 4474 Syriae
709 4403 847 4474 leguntur
866 4400 904 4473 (p.
924 4402 975 4455 158
994 4401 1059 4456 adn.
1079 4401 1115 4472 6).

319 4492 348 4560 4)
368 4491 386 4545 l.
405 4492 423 4545 l.
442 4511 469 4564 p.
491 4493 541 4546 157
548 4510 555 4561 ;
575 4491 611 4545 cf.
630 4493 734 4547 Bullet.
754 4492 804 4547 IV.
823 4511 850 4564 p.
869 4492 1020 4548 320—334.
