3188 4962
594 341 894 413 ’-11-

203 565 385 652 improbari
412 587 487 630 11111
514 571 660 630 statuam
687 563 874 649 profitetur.
925 563 993 630 Sed
1028 561 1112 647 quin
1146 560 1325 649 pontifices
1333 554 1369 645 1),

201 681 407 752 verecundia
435 703 566 766 quaque
593 680 803 768 posthabita,
832 680 875 744 ad
903 701 1020 744 aurum
1043 677 1260 763 Phrynarum
1283 675 1369 741 acci-

201 797 363 885 piendum
386 797 490 886 nimis
513 797 673 883 propensi
696 795 839 879 fuerint,
876 795 1016 860 dubium
1044 816 1113 858 non
1142 814 1215 856 esse
1244 797 1368 878 potest.

200 913 331 979 Eadem
359 913 519 978 meretrix
543 912 748 998 Cupidinem
783 912 880 976 illum
914 910 1234 997 praeclarissimum,
1270 929 1371 994 quern

201 1030 269 1096 sibi
291 1028 479 1094 Praxiteles
504 1028 696 1113 donaverat,
722 1027 880 1114 Thespiis
888 1022 914 1110 2)
939 1025 1119 1092 dedicavit.

309 1182 339 1244 2.
368 1179 401 1246 A
424 1181 497 1246 vita
520 1179 705 1264 coniugiali
733 1180 819 1263 sive,
849 1185 888 1244 ut
915 1185 1082 1265 repetam,
1112 1202 1131 1243 a
1154 1177 1304 1242 donariis
1329 1175 1371 1241 ad

202 1317 349 1362 amorem
373 1297 634 1382 coniugiumque
658 1295 909 1382 pertinentibus
938 1294 1060 1360 accedo
1089 1294 1132 1358 ad
1159 1293 1275 1358 varia
1303 1291 1370 1356 ho·

201 1411 350 1476 minum
374 1412 518 1477 studia.
550 1412 703 1476 Primum
727 1417 883 1498 spectant
906 1410 1045 1475 donaria
1065 1411 1172 1475 multa
1189 1407 1372 1474 advitam

200 1528 400 1592 rusticam.
447 1529 541 1593 More
568 1528 793 1612 institutoque
821 1527 986 1591 maiorum
1015 1527 1151 1611 Graeci,
1179 1531 1218 1590 ut
1246 1523 1370 1589 sterili·

200 1651 306 1709 tatem
345 1644 518 1709 fructuum
555 1645 611 1708 vel
649 1666 807 1729 agrorum
845 1643 1079 1728 prohiberem,
1119 1644 1156 1707 in
1195 1641 1369 1706 arboribus

199 1759 334 1824 Baccho
364 1759 467 1824 sacris
495 1759 611 1824 oscilla
639 1783 723 1844 quae
751 1767 915 1825 vocantur
943 1759 1149 1846 suspendere
1174 1750 1370 1840 solebant.³)

200 1877 295 1940 Haec
323 1875 529 1940 consuetudo
556 1898 663 1961 usque
691 1875 734 1941 ad
761 1875 1045 1961 longinquissima
1073 1876 1194 1940 aetatis
1217 1895 1371 1961 paganae

200 1997 353 2078 tempora
374 1991 593 2056 retinebatur.
601 1987 626 2071 4)
661 1993 749 2056 Item
772 2013 945 2076 nunquam
969 1991 1116 2076 defuere,
1140 1991 1198 2076 qui
1222 1989 1371 2075 quoties-

200 2129 327 2192 umque
361 2129 505 2171 messem
540 2107 596 2170 vel
630 2105 755 2172 facturi
790 2115 886 2172 erant
919 2109 976 2172 vel
1003 2107 1154 2172 fecerant
1182 2106 1254 2170 deis
1283 2105 1372 2171 dona

201 2222 384 2288 obferrent.
429 2224 484 2287 Ex
519 2223 772 2310 epigrammatis
780 2219 804 2301 5)
839 2229 951 2309 potest
986 2224 1109 2309 conici,
1146 2223 1234 2288 dona
1266 2221 1371 2286 fuisse

200 2345 258 2404 aut
292 2344 422 2424 partem
456 2334 609 2418 11111116)
645 2347 703 2404 aut
738 2363 777 2404 11
811 2340 1017 2405 vestimenta
1046 2339 1167 2425 quibus
1196 2339 1233 2403 in
1261 2359 1370 2402 messe

200 2455 392 2540 colligendo
415 2456 469 2519 usi
493 2463 589 2520 erant
612 2455 776 2520 homines.
822 2455 922 2521 Locis
951 2456 1124 2521 nonnullis
1149 2456 1215 2521 alia
1239 2476 1370 2540 quoque

199 2572 298 2637 nobis
326 2578 515 2637 occurrunt.
563 2572 710 2637 Athenis
738 2573 775 2637 in
798 2571 1023 2638 Parthenonis
1052 2572 1244 2637 inventario
1268 2570 1369 2634 fasci-

199 2689 274 2752 cula
298 2689 467 2774 spicarum
490 2710 570 2753 auro
595 2711 829 2775 expressarum
839 2684 864 2770 7)
887 2690 1057 2774 legimtur.
1097 2689 1175 2753 Deli
1198 2687 1370 2752 ininsula

199 2803 428 2890 compluribus
463 2804 622 2889 deinceps
658 2806 756 2868 annis
789 2798 997 2885 Μαιριχίδαι,
1026 2804 1048 2868 1.
1074 2827 1101 2868 e.
1133 2805 1159 2868 ii
1186 2804 1245 2889 qui
1273 2809 1370 2868 erant

200 2919 355 3003 tribules,
384 2919 421 2982 in
445 2919 616 3004 Apollinis
640 2920 767 3004 templo
791 2919 1020 3005 deposuerunt
1046 2943 1164 3004 unam,
1198 2919 1369 2984 interdum

201 3030 283 3096 duas
306 3030 483 3118 pateras.⁸)
514 3035 621 3098 Recte
645 3035 730 3098 mihi
753 3035 790 3098 in
813 3036 900 3099 hanc
923 3058 995 3099 rem
1014 3030 1202 3114 Homosse⁹)
1226 3035 1370 3120 inquisi-

199 3146 291 3211 visse
314 3147 451 3212 videtur
474 3149 604 3234 dicens,
630 3150 706 3214 illos
730 3151 898 3237 principio
922 3158 1031 3216 terrae
1054 3151 1170 3237 fruges
1195 3151 1369 3216 dedicasse

199 3285 238 3327 ac
250 3263 420 3351 deinceps,
435 3288 510 3329 cum
527 3266 715 3332 sacerdotes
732 3291 787 3332 111
803 3290 882 3332 mox
894 3267 1091 3332 interituras
1107 3291 1179 3332 esse
1192 3268 1369 3353 dixissent,

199 3378 298 3444 donis
326 3379 394 3445 illis
423 3381 530 3447 firmis
558 3405 596 3447 ac
620 3383 787 3448 mansuris
812 3385 1092 3469 compensavisse.
1140 3385 1239 3448 Nunc
1263 3405 1370 3471 pauca

199 3495 309 3560 dicam
325 3497 367 3562 de
388 3505 556 3584 quaestu
572 3500 801 3587 piscatorio.
829 3500 985 3564 Piscatus
998 3501 1028 3566 si
1039 3499 1186 3565 feliciter
1198 3506 1368 3585 evenerat,

198 3683 410 3693 ————--——.

306 3807 334 3872 1)
353 3805 397 3860 Of.
416 3809 554 3862 Kuhnert
572 3810 589 3863 l.
609 3810 627 3864 l.
647 3828 673 3880 p.
693 3812 754 3864 258.

305 3894 333 3964 2)
352 3895 444 3949 Strab.
464 3898 509 3950 IX
527 3917 553 3968 p.
573 3898 639 3967 410;
658 3899 763 3954 Athen.
783 3897 860 3953 XIII
878 3919 905 3970 p.
925 3901 976 3953 591
995 3899 1030 3956 A.

304 3987 333 4050 3)
353 3983 397 4039 Of.
416 3987 489 4040 Poll.
510 4005 604 4041 onom.
623 3988 673 4056 IV,
695 3989 744 4042 131
765 4005 791 4043 v.
813 3982 909 4058 αἰώρα.

304 4073 332 4143 4)
352 4075 395 4130 Of.
415 4075 591 4146 Boetticher,
611 4077 801 4132 Baumcultus
820 4078 871 4132 der
888 4076 1039 4133 Hellenen.

304 4163 332 4229 5)
351 4163 440 4220 Anth.
459 4165 520 4218 Pal.
540 4166 590 4234 VI,
609 4167 652 4219 21.
672 4167 714 4221 41.
745 4223 749 4228 .

304 4249 332 4317 6)
352 4253 395 4307 Of.
416 4254 490 4307 Bull.
509 4254 612 4325 VHp.
632 4256 684 4310 397
704 4274 763 4326 sqq.
1155 4307 1158 4314 .

305 4339 332 4411 7)
352 4340 381 4395 Ο.
402 4343 430 4398 J.
451 4343 484 4397 G.
504 4343 527 4411 I,
548 4344 599 4397 139
618 4363 645 4399 v.
665 4346 694 4414 93
715 4345 750 4401 cf.
771 4345 898 4399 Boeokh.
918 4344 1044 4399 Staatsh.
1066 4341 1152 4415 1121).
1175 4347 1232 4400 152.

303 4430 331 4492 8)
350 4425 479 4500 σκάφιον.

305 4516 332 4579 9)
351 4520 425 4576 Bull.
445 4521 488 4576 VI
506 4541 532 4593 p.
554 4522 605 4576 145
625 4541 689 4577 cum
709 4524 773 4578 adn.
792 4525 817 4577 2.
