3188 4962
334 574 361 639 1.
397 572 571 660 Incipioa
606 573 754 640 donariis
789 573 832 640 ad
860 597 1008 641 amorem
1036 574 1299 662 coniugiumque
1321 597 1397 662 per·

224 688 416 755 tinentibus
451 689 534 774 sive,
569 696 608 755 ut
637 689 787 756 breviter
822 689 942 776 dicam,
978 714 997 757 a
1030 691 1117 756 vita
1152 691 1395 758 connubiali.

225 805 340 890 Moris,
378 804 437 891 qui
471 806 566 872 nullo
600 812 752 894 tempore
786 807 981 873 intermisso
1003 830 1065 894 per
1087 813 1194 873 totam
1218 809 1397 876 Graeciam

224 921 504 1009 pervulgabatur,
544 923 771 988 vetustissimi
807 921 945 989 videtur
983 922 1110 1008 fiiisse,
1150 947 1170 989 a
1203 925 1396 1010 virginibus

224 1038 338 1126 paullo
366 1045 548 1124 antequam
572 1039 610 1104 in
637 1039 891 1105 matrimonium
914 1039 1117 1105 ducerentur
1140 1040 1396 1126 oblectamenta,

224 1153 425 1242 praesertim
458 1177 567 1242 pupas
575 1149 608 1239 ¹),
644 1155 776 1221 Dianae
810 1161 869 1220 aut
903 1155 1089 1240 Minervae,
1124 1155 1161 1220 id
1196 1163 1247 1222 est
1271 1156 1397 1222 deabus

224 1269 402 1357 virgineis,
428 1269 556 1336 donari.
597 1269 648 1338 cf.
673 1269 780 1337 Anth.
796 1271 905 1336 Palat.
926 1271 985 1355 VI,
1010 1271 1084 1336 202.
1110 1272 1176 1337 280
1199 1279 1234 1337 et
1257 1295 1296 1338 ea
1312 1295 1397 1358 quae

225 1386 264 1452 Ο.
287 1385 428 1452 Iahnius
452 1385 495 1451 ad
517 1387 610 1452 Pers.
636 1392 697 1452 sat.
725 1387 770 1471 H,
800 1388 844 1451 70
866 1386 1038 1452 disseruit.
1085 1387 1153 1454 Sed
1176 1388 1242 1453 elia
1265 1411 1398 1474 quoque

225 1501 315 1568 dona
338 1525 358 1567 a
384 1502 577 1588 virginibus
613 1503 769 1568 dedicata
804 1525 876 1568 esse
910 1504 1091 1569 memoriae
1125 1504 1299 1590 proditum
1335 1512 1396 1570 est.

225 1617 328 1704 Argis
353 1618 463 1685 crines
492 1641 570 1686 suos
598 1620 636 1685 in
659 1619 836 1685 Minervae
863 1614 1397 1707 temp102),Mega1-aein1phi-

224 1756 307 1800 noas
331 1731 516 1822 sepulcro³)
540 1735 708 1823 deponere
724 1736 891 1822 simulque
907 1758 1027 1801 zonam
1051 1735 1206 1802 dedicare
1223 1737 1398 1802 Minervae

222 1839 463 1934 Ἀπατουρίᾳ4)
488 1852 641 1918 solebant
674 1853 828 1938 virgines
863 1853 901 1917 in
930 1853 1185 1918 matrimonium
1214 1851 1396 1918 ducendae.

224 1968 343 2053 Neque
378 1973 493 2032 autem
527 1967 620 2033 aliud
654 1990 803 2053 unquam
831 1968 918 2033 mihi
942 1969 1052 2055 egisse
1075 1968 1237 2033 videntur
1259 1968 1328 2032 nisi
1351 1968 1397 2052 id,

223 2089 262 2148 ut
286 2105 304 2147 e
327 2082 482 2169 pristinis
506 2083 596 2149 ludis
625 2104 820 2149 excessurae
851 2091 886 2150 et
907 2085 1064 2170 graviora
1087 2083 1201 2150 officia
1224 2085 1398 2150 subiturae

224 2197 355 2264 animos
391 2221 506 2265 aarum
546 2199 699 2286 dearum,
740 2223 822 2287 quas
861 2207 1040 2287 sequentes
1078 2223 1184 2286 usque
1219 2200 1398 2284 vixissent,

223 2315 406 2401 placarent.

332 2430 528 2518 Sequuntur
543 2431 759 2499 anathemata
775 2455 852 2498 cum
867 2432 997 2521 nuptiis
1021 2431 1106 2519 ipsis
1129 2431 1254 2497 arctius
1279 2431 1399 2498 cohae-

224 2546 344 2613 rentia.
383 2548 430 2612 Et
444 2547 592 2634 primum
608 2548 745 2634 quidem
761 2549 915 2636 exempla
927 2547 1098 2633 mythicae
1111 2547 1232 2613 aetatis
1249 2549 1398 2615 afferam.

223 2663 362 2750 Pelops,
398 2663 435 2728 in
469 2664 724 2730 matrimonium
764 2664 925 2730 ducturus
959 2663 1239 2751 Hippodamiam,
1275 2665 1400 2730 Temni

225 2784 372 2844 statuam
395 2775 574 2864 Venerisl)
609 2787 652 2864 et,
682 2777 867 2866 'postquam
901 2803 955 2845 res
984 2781 1070 2846 bene
1099 2781 1223 2865 evenit,
1248 2788 1399 2866 myrtum

224 2891 425 2976 virentem⁰)
461 2918 674 2962 consecrasse
709 2896 845 2962 dicitur.
891 2896 1001 2982 Ulixi,
1026 2897 1127 2962 simul
1151 2919 1267 2961 cursus
1291 2902 1398 2962 certa·

224 3011 317 3077 mine
340 3011 536 3098 Penelopen
571 3013 638 3079 sibi
662 3013 883 3100 comparavit,
907 3013 973 3079 tria
996 3013 1171 3078 Minervae
1195 3004 1398 3086 Κελευθείας

225 3125 305 3192 fana
332 3127 522 3194 intervallis
551 3128 722 3195 disiuncta
749 3135 926 3214 statuaque
955 3129 1036 3194 deae
1063 3151 1131 3194 una
1154 3127 1396 3195 attribuuntur.

224 3243 414 3330 Menelaus,
449 3244 574 3310 iterum
609 3267 686 3310 oum
713 3245 847 3310 Helena
880 3267 984 3310 uxore
1019 3245 1233 3330 coniunctus,
1270 3251 1398 3310 statuas

225 3354 436 3444 Themidis⁷l
465 3367 499 3426 et
521 3361 718 3427 Praxidices
742 3359 914 3427 dedicavit
941 3360 979 3425 in
1001 3361 1145 3427 Veneris
1170 3353 1398 3442 Μιγωνίτιδος

224 3475 361 3563 templo,
398 3476 497 3563 quod,
534 3477 638 3544 situm
671 3476 715 3543 ad
738 3476 920 3563 Gythium,
957 3477 1121 3542 aParide
1145 3476 1297 3542 adultero
1321 3499 1399 3542 cum

225 3591 372 3658 Menelai
394 3593 521 3660 lectum
544 3593 783 3681 conquinasset
806 3591 982 3660 conditum
998 3615 1071 3658 esse
1087 3587 1302 3674 dicebatur7).
1341 3590 1398 3658 Ad

379 3897 469 3975 κόραι.

378 3993 452 4050 stat.
472 3994 560 4049 rheu.
580 3995 619 4064 11,
638 3995 699 4050 ass.

331 4441 348 4494 7

226 4534 341 4585 secutus
360 4529 484 4585 lectione
506 4531 620 4590 Θέτιδος
639 4531 756 4586 abnuta.
777 4561 808 4568 —
828 4531 914 4584 Paua.
934 4530 1095 4598 111‚22‚2.
1132 4575 1136 4584 .
