3188 4962
697 453 892 517 --9-

210 670 296 754 dam,
320 670 516 735 nesiarchus
528 669 715 734 Ptolemaei
730 669 756 748 I,
782 675 817 732 et
832 662 1004 750 Nicolas1)
1027 666 1193 750 Aetolius,
1210 665 1379 752 Antigoni

189 786 364 880 ,11000100
399 786 520 851 000100.
569 784 636 862 Qui
670 807 732 872 per
767 786 956 871 complures
985 806 1092 849 annos
1117 783 1295 848 continuos
1320 781 1377 847 do·

207 902 302 966 naria
326 900 529 966 dedicabant
551 901 716 988 Apollini.
763 900 804 966 Id
834 901 924 986 quod
948 899 1052 984 feriiS,
1077 900 1119 965 ab
1142 899 1205 964 hoc
1228 898 1376 984 Antigo-

207 1018 292 1101 0010,
316 1017 520 1082 Ρ1010100010
544 1016 585 1081 ab
621 1017 693 1101 1110,
729 1016 857 1082 facturn
886 1039 959 1081 esse
982 1015 1068 1080 mihi
1091 1037 1289 1103 persuasum
1314 1021 1375 1079 est.

209 1133 436 1199 Conferantur
459 1156 497 1198 ea
521 1155 606 1218 quae
630 1128 766 1220 000102)
791 1133 945 1198 disserui.

313 1481 355 1545 In
388 1481 489 1546 huius
525 1482 646 1568 capitis
679 1482 747 1546 fine
781 1481 945 1566 breviter,
975 1503 1060 1566 quae
1084 1480 1125 1544 de
1149 1479 1375 1546 anathematis

207 1595 386 1661 ordinariis
410 1603 445 1662 01
467 1596 613 1684 publicis
639 1604 673 1662 et
707 1599 851 1684 privatis
887 1598 1041 1684 exposui,
1076 1595 1257 1682 complecti
1291 1594 1377 1659 mihi

205 1713 317 1778 liceat.
363 1712 592 1778 Anathemata
627 1713 797 1778 ordinaria
832 1714 1060 1794 compluribus
1096 1713 1258 1777 Graeciae
1292 1711 1376 1775 10010

130 1837 136 1850 ’
207 1827 437 1914 -Amyclis,
463 1828 619 1914 Athenis,
644 1831 732 1914 Deli,
757 1830 946 1917 Olympiae,
963 1830 1090 1895 Thebis
1114 1867 1155 1877 —
1179 1827 1374 1892 invenimus

206 1944 370 2010 dedicata.
410 1945 504 2009 Haec
527 1951 650 2030 autern,
676 1969 761 2031 quae
786 1947 992 2030 enumeravi,
1015 1947 1088 2010 loca
1112 1946 1190 2027 sola,
1215 1966 1285 2008 000
1309 1943 1376 2006 0110

206 2060 321 2144 fuisse,
357 2060 500 2126 fortasse
533 2063 662 2127 nullam
697 2064 798 2127 eliam
833 2085 968 2127 causam
991 2062 1060 2126 nisi
1083 2061 1312 2144 traditionem,
1336 2065 1375 2123 ut

206 2177 255 2241 ita
278 2177 402 2261 dicam,
437 2184 585 2242 nostram
619 2185 731 2264 potest
765 2179 899 2244 habere.
947 2178 1167 2245 Occasionem
1194 2175 1375 2241 dedicandi

197 2292 413 2378 plerumque,
449 2317 492 2359 ne
522 2295 631 2360 dicam
655 2319 800 2383 semper,
825 2295 985 2381 praebere
1014 2294 1166 2359 solebant
1194 2293 1266 2356 dies
1295 2291 1376 2356 sesti

205 2415 263 2473 001
291 2409 515 2475 anniversarii
549 2419 607 2477 aut
635 2413 744 2498 spatio
771 2412 926 2498 longiore
954 2410 1155 2498 interposito
1182 2407 1373 2473 redeuntes.

203 2523 260 2588 Ad
277 2525 407 2590 dierum
423 2525 587 2592 festorum
603 2528 740 2593 modum
758 2511 1006 2594 accommodata
1030 2533 1127 2591 erant
1150 2525 1248 2590 dona.
1279 2524 1374 2588 Haec

204 2641 296 2705 enim
320 2649 416 2706 erant
439 2652 552 2709 vestes
570 2645 691 2710 statuis
708 2644 848 2709 deorum
863 2651 986 2727 textae,
1004 2665 1086 2708 vasa
1100 2642 1204 2726 varia,
1221 2662 1371 2722 coronae,

203 2756 371 2842 tripodes,
395 2759 416 2822 i.
442 2782 469 2824 0.
495 2760 583 2824 dona
617 2762 660 2824 ad
695 2761 822 2825 cultum
858 2761 931 2825 sive
965 2782 1046 2824 usus
1082 2760 1154 2824 sive
1183 2754 1374 2822 ornamenti

205 2872 309 2936 solius
333 2895 433 2938 causa
455 2865 674 2960 pertinentia.
926 2854 929 2878 ¹

356 3101 403 3182 Π.
431 3103 558 3204 Agitur
584 3105 623 3184 de
652 3106 893 3218 anathematis
922 3105 1222 3186 exhacrdinariis.

643 3323 672 3389 1.
697 3324 930 3406 capuanus.

308 3470 351 3533 In
374 3471 598 3538 anathematis
627 3475 902 3540 extraordinariis
928 3475 1165 3540 enumerandis
1190 3480 1224 3538 et
1248 3471 1373 3536 descri-

203 3583 324 3649 bendis
348 3587 449 3652 aliam
473 3595 573 3674 atque
589 3598 688 3656 00100
704 3593 795 3656 viam
811 3593 924 3657 ineam
947 3597 1100 3678 oportere
1124 3590 1210 3655 mihi
1224 3587 1370 3655 videtur.

202 3701 290 3764 Nam
315 3724 391 3766 cum
414 3705 630 3771 anathemata
654 3707 824 3772 ordinaria
848 3709 896 3773 ita
920 3713 1113 3794 comparata
1128 3705 1370 3786 invenerimus,

124 3869 127 3877 .
201 3821 240 3880 01
264 3825 298 3882 01
322 3817 479 3884 civitates
514 3827 549 3885 et
576 3822 705 3908 singuli
733 3847 866 3910 semper
888 3848 957 3890 una
981 3823 1165 3909 eademque
1189 3818 1372 3888 dedicandi

202 3933 375 3998 occasione
398 3943 585 4023 uterentur,
614 3939 880 4005 extraordinaria
903 3941 1009 4007 variis
1033 3940 1124 4005 inter
1147 3962 1182 4004 se
1206 3936 1372 4002 differunt

202 4049 443 4117 occasionibus.

304 4168 352 4232 Et
374 4167 412 4232 in
436 4168 549 4255 priore
575 4171 713 4256 quidem
735 4178 831 4258 parte
847 4197 952 4259 aeque
968 4197 1007 4240 ac
1031 4195 1131 4259 supra
1155 4168 1372 4235 anathemata

198 4277 333 4364 publica
356 4307 547 4370 persequar.
