3188 4962
685 379 904 443 „27-

209 593 342 681 publice
359 592 540 657 dedicandi
564 593 653 680 apud
670 593 816 660 Graecos
840 593 882 657 ab
899 592 1146 678 antiquissimis
1171 592 1378 678 temporibus

208 710 315 774 multa
337 732 398 795 per
422 709 553 773 saecula
570 709 678 774 valuit
697 731 805 794 usque
829 708 872 772 ad
887 709 1117 774 Romanorum
1140 708 1380 796 principatum.

208 826 328 910 Neque
363 832 477 890 autern
493 833 496 841 '
511 801 599 889 ultra
622 848 749 890 annum
777 827 818 890 31
843 849 872 890 a.
898 824 975 889 Chr.
1001 824 1038 888 in
1062 825 1124 889 hac
1147 847 1183 888 re
1206 825 1380 910 progredi-

210 941 335 1006 endum
369 940 455 1004 mihi
482 963 555 1005 esse
579 941 768 1006 videbatur.
817 940 914 1018 Quod
949 963 1030 1005 vero
1061 940 1182 1004 ceteris
1211 941 1381 1004 saeculum

209 1057 367 1142 'quintiun
383 1063 542 1144 praestat,
568 1080 585 1121 e
601 1080 713 1121 rerum
728 1063 851 1122 natura
867 1063 980 1144 potest
996 1056 1161 1141 intellegi.
1200 1055 1264 1120 Illo
1289 1056 1381 1120 enim

211 1173 343 1239 saeculo
367 1180 401 1238 et
425 1173 548 1239 Graeci
570 1172 669 1238 bellis
693 1172 917 1258 gravissimis,
941 1173 1036 1238 velut
1060 1178 1131 1237 erat
1147 1173 1323 1236 Persicum
1347 1177 1382 1236 et

210 1289 545 1376 Peloponnesiacum,
580 1289 791 1354 vexabantur
826 1294 860 1352 et
894 1295 983 1352 artes
1007 1311 1177 1354 summum
1200 1288 1243 1352 ad
1264 1287 1382 1352 florem

210 1404 465 1491 perveniebant.
519 1404 678 1481 Quaestio
713 1404 858 1470 nimium
889 1405 1008 1492 procul
1035 1427 1108 1468 esse
1142 1427 1211 1469 non
1234 1403 1382 1488 videtur,

212 1519 393 1586 omninone
418 1521 550 1586 saeculo
580 1521 699 1605 quinto
727 1520 866 1586 donaria
890 1525 963 1584 orta
987 1519 1057 1584 sint
1079 1521 1236 1606 plurima.
1282 1519 1381 1584 Atta·

210 1659 289 1701 men
305 1636 369 1701 hoc
384 1636 536 1701 nondum
551 1637 624 1701 loco
641 1659 715 1700 earn
731 1635 920 1721 disceptare
935 1658 1083 1722 possum.
1123 1636 1242 1722 Longe
1267 1641 1380 1700 autem

210 1753 356 1839 plurima
380 1751 519 1816 donaria
541 1759 615 1816 turn
639 1751 784 1835 demum,
810 1774 886 1816 cum
909 1751 1076 1838 proelium
1099 1751 1185 1816 bene
1208 1756 1383 1838 peractum

211 1852 298 1952 sits),
323 1867 404 1950 data
426 1889 498 1932 esse
523 1890 726 1954 quamquam
755 1867 1007 1932 concedendum
1032 1874 1096 1952 est,
1121 1874 1237 1932 tamen
1260 1866 1380 1952 negari

211 2005 281 2048 non
302 1989 425 2070 potest,
450 2006 522 2048 esse
546 1984 658 2069 eliqua
675 2007 759 2069 quae
782 1985 819 2048 in
842 1984 969 2070 proelio
987 1983 1203 2071 suscipiendo
1227 1989 1265 2047 ut
1288 1982 1382 2047 auxi-

211 2097 295 2163 lium
328 2105 502 2186 peteretur
535 2123 555 2164 a
579 2098 644 2164 diis
680 2099 792 2165 oblata
826 2105 915 2164 sunt.
965 2099 1063 2176 Quod
1095 2099 1219 2164 attinet
1242 2099 1285 2163 ad
1307 2099 1383 2163 loca

212 2214 363 2301 adquae
388 2215 683 2301 comportabantur
710 2215 850 2279 donaria
876 2215 980 2281 ubive
1004 2216 1249 2298 condebantur,
1274 2214 1316 2278 ab
1340 2213 1383 2278 iis

212 2353 296 2417 quae
312 2331 385 2396 loco
409 2353 503 2396 sacro
520 2331 676 2396 omnibus
694 2330 833 2396 Graecis
851 2311 1031 2418 communi,
1048 2333 1143 2398 velut
1160 2336 1231 2396 erat
1246 2328 1382 2415 Delphi,

139 2464 141 2470 '
213 2448 381 2534 Olympia,
405 2445 562 2530 Dodona,
599 2469 637 2511 ea
671 2448 859 2513 internosci
882 2447 1022 2534 debent,
1048 2447 1193 2533 quaein
1215 2447 1384 2512 victorum

211 2557 326 2643 urbe2)
358 2563 615 2628 collocabantur.
662 2563 704 2628 Id
726 2587 787 2650 pro
812 2572 903 2630 certo
932 2570 983 2629 est
1012 2563 1219 2648 habendum,
1245 2561 1383 2628 anathe-

214 2685 305 2743 mata
332 2679 391 2744 ubi
419 2679 655 2746 dedicarentur
682 2681 929 2768 praescriptum
958 2703 1030 2744 esse
1057 2702 1232 2765 nunquam
1260 2680 1382 2743 locum.

214 2793 349 2859 Accede
384 2794 427 2858 ad
461 2797 544 2860 alias
580 2797 805 2882 quaestiones.
852 2797 1050 2880 Quaerenti,
1087 2795 1289 2881 quibusnam
1318 2793 1383 2858 diis

215 2909 383 2994 imprimis
419 2910 493 2975 dari
527 2911 673 2976 solerent
707 2911 935 2995 anathemata,
973 2934 1011 2976 ea
1033 2935 1087 2976 res
1111 2911 1196 2975 mira
1218 2933 1288 2975 non
1312 2932 1384 2974 esse

215 3023 402 3108 ridebitur,
438 3025 527 3110 quod
561 3025 715 3112 luppiter
749 3027 873 3112 Apollo
896 3028 1051 3092 Minerva
1083 3029 1229 3113 palmam
1253 3047 1385 3112 sernper

216 3148 427 3224 acceperunt.
467 3141 508 3204 Id
532 3164 664 3227 quoque
688 3141 787 3207 facile
810 3149 923 3230 potest
947 3144 1118 3231 explicari,
1139 3135 1384 3228 Neptuno‘ali-

216 3254 298 3340 quid
333 3261 410 3341 post
443 3279 594 3342 pugnam
628 3259 785 3323 navalem
813 3266 847 3324 et
874 3255 1047 3344 heroum3)
1077 3283 1136 3325 suo
1166 3258 1287 3342 cuique
1310 3258 1383 3322 loco

216 3393 288 3436 esse
313 3371 515 3438 dedicatum.
563 3373 631 3438 Sed
658 3375 813 3460 graviore
841 3375 1009 3440 afficimur
1038 3375 1271 3457 admiratione,
1297 3373 1386 3458 quod

215 3487 333 3572 Marti,
361 3510 441 3554 vero
473 3496 507 3554 et
534 3490 623 3555 iusto
646 3497 685 3554 ut
712 3490 760 3556 ita
784 3491 894 3556 dicam
917 3514 1109 3578 pugnarum
1131 3497 1283 3577 patrono,
1308 3489 1383 3554 nul-

215 3729 427 3737 *—

323 3885 349 3958 1)
370 3885 414 3940 Of.
434 3885 513 3942 Ourt.
532 3889 595 3943 loco
614 3887 727 3961 saepius
750 3889 868 3942 laudato
886 3909 912 3960 p.
933 3891 998 3944 363:
1032 3889 1103 3959 „Die
1130 3891 1309 3961 Errichtung
1336 3890 1385 3944 des
1445 3933 1447 3936 .

215 3976 462 4048 Weihgeschenks
481 3996 543 4032 war
555 3978 806 4049 gewissermassen
825 3978 888 4033 eine
905 3979 1202 4050 Vervollst'andigung
1215 3979 1265 4032 des
1278 3979 1384 4049 SiegeS,

216 4063 278 4120 eine
305 4065 471 4121 'offentliche
497 4066 716 4140 Anerkennung
744 4067 892 4122 desselben
923 4069 966 4122 als
998 4067 1075 4122 eines
1102 4067 1299 4122 bedentenden
1327 4067 1386 4122 und

216 4154 421 4210 ruhmlichen.“

321 4261 349 4332 2)
368 4263 561 4335 Megarenses
590 4269 623 4318 ut
641 4283 732 4320 unum
751 4269 880 4336 repetam
899 4265 1070 4336 exemplum,
1096 4269 1223 4319 rostrum
1242 4265 1384 4320 aheneum

215 4348 246 4403 in
265 4351 286 4405 J
287 4351 348 4406 ovis
367 4354 483 4424 templo,
503 4354 579 4425 quod
598 4355 709 4410 eratin
727 4355 798 4409 urbe
816 4372 876 4424 sua,
896 4355 1097 4426 deposuerunt.

322 4457 350 4528 3)
371 4459 414 4514 Of.
433 4461 492 4516 Jul.
512 4461 658 4532 Wassner,
688 4463 722 4518 de
750 4462 870 4518 heroum
898 4461 975 4534 apud
1004 4462 1129 4518 Graecos
1155 4463 1234 4516 cultu
1262 4460 1384 4531 (dissert.

214 4547 289 4602 Kiel.
311 4547 398 4618 1883).
768 4565 771 4570 “
