<?xml version="1.0" encoding="UTF-8"?>
<!DOCTYPE html PUBLIC "-//W3C//DTD XHTML 1.0 Transitional//EN"
    "http://www.w3.org/TR/xhtml1/DTD/xhtml1-transitional.dtd">
<html xmlns="http://www.w3.org/1999/xhtml" xml:lang="en" lang="en">
 <head>
  <title>
</title>
<meta http-equiv="Content-Type" content="text/html;charset=utf-8" />
  <meta name='ocr-system' content='tesseract 3.04.00' />
  <meta name='ocr-capabilities' content='ocr_page ocr_carea ocr_par ocr_line ocrx_word'/>
</head>
<body>
  <div class='ocr_page' id='page_1' title='image "./deanathematisgr01ziemgoog_0061.png"; bbox 0 0 3188 4962; ppageno 0'>
   <div class='ocr_carea' id='block_1_1' title="bbox 742 408 960 471">
    <p class='ocr_par' dir='ltr' id='par_1_1' title="bbox 742 408 960 471">
     <span class='ocr_line' id='line_1_1' title="bbox 742 408 960 471; baseline 0.005 -20"><span class='ocrx_word' id='word_1_1' title='bbox 742 408 960 471; x_wconf 73' lang='lat'>...54-</span> 
     </span>
    </p>
   </div>
   <div class='ocr_carea' id='block_1_2' title="bbox 261 621 1436 2568">
    <p class='ocr_par' dir='ltr' id='par_1_2' title="bbox 261 621 1436 2568">
     <span class='ocr_line' id='line_1_2' title="bbox 262 621 1431 710; baseline 0.001 -23"><span class='ocrx_word' id='word_1_2' title='bbox 262 621 305 687; x_wconf 90' lang='lat' dir='ltr'>iis</span> <span class='ocrx_word' id='word_1_3' title='bbox 339 621 534 688; x_wconf 87' lang='lat' dir='ltr'>hominibus</span> <span class='ocrx_word' id='word_1_4' title='bbox 570 622 629 708; x_wconf 92' lang='lat' dir='ltr'>qui</span> <span class='ocrx_word' id='word_1_5' title='bbox 652 621 812 708; x_wconf 91' lang='lat' dir='ltr'>Olympia</span> <span class='ocrx_word' id='word_1_6' title='bbox 847 621 996 687; x_wconf 83' lang='lat' dir='ltr'>vicerint</span> <span class='ocrx_word' id='word_1_7' title='bbox 1023 621 1196 710; x_wconf 83' lang='lat' dir='ltr'>incipiam,</span> <span class='ocrx_word' id='word_1_8' title='bbox 1218 621 1320 688; x_wconf 86' lang='lat' dir='ltr'>hodie</span> <span class='ocrx_word' id='word_1_9' title='bbox 1344 623 1431 688; x_wconf 92' lang='lat' dir='ltr'>inter</span> 
     </span>
     <span class='ocr_line' id='line_1_3' title="bbox 261 737 1430 824; baseline 0.001 -21"><span class='ocrx_word' id='word_1_10' title='bbox 261 759 378 804; x_wconf 89' lang='lat' dir='ltr'>omnes</span> <span class='ocrx_word' id='word_1_11' title='bbox 401 737 472 804; x_wconf 83' lang='lat' dir='ltr'>fere</span> <span class='ocrx_word' id='word_1_12' title='bbox 496 745 638 824; x_wconf 82' lang='lat' dir='ltr'>constat,</span> <span class='ocrx_word' id='word_1_13' title='bbox 664 744 793 804; x_wconf 85' lang='lat' dir='ltr'>statuas</span> <span class='ocrx_word' id='word_1_14' title='bbox 816 737 985 804; x_wconf 91' lang='lat' dir='ltr'>victorum</span> <span class='ocrx_word' id='word_1_15' title='bbox 1008 738 1045 802; x_wconf 92' lang='lat' dir='ltr'>in</span> <span class='ocrx_word' id='word_1_16' title='bbox 1065 737 1140 804; x_wconf 84' lang='lat' dir='ltr'>Alti</span> <span class='ocrx_word' id='word_1_17' title='bbox 1163 740 1341 804; x_wconf 90' lang='lat' dir='ltr'>collocatas</span> <span class='ocrx_word' id='word_1_18' title='bbox 1364 761 1430 804; x_wconf 92' lang='lat' dir='ltr'>non</span> 
     </span>
     <span class='ocr_line' id='line_1_4' title="bbox 263 849 1427 940; baseline 0.001 -21"><span class='ocrx_word' id='word_1_19' title='bbox 263 859 334 919; x_wconf 89' lang='lat' dir='ltr'>tam</span> <span class='ocrx_word' id='word_1_20' title='bbox 357 854 611 921; x_wconf 70' lang='lat' dir='ltr'>anathematum</span> <span class='ocrx_word' id='word_1_21' title='bbox 636 878 736 940; x_wconf 87' lang='lat' dir='ltr'>quam</span> <span class='ocrx_word' id='word_1_22' title='bbox 752 853 1006 919; x_wconf 87' lang='lat' dir='ltr'>honorariarum</span> <span class='ocrx_word' id='word_1_23' title='bbox 1029 855 1103 920; x_wconf 92' lang='lat' dir='ltr'>loco</span> <span class='ocrx_word' id='word_1_24' title='bbox 1127 877 1201 920; x_wconf 87' lang='lat' dir='ltr'>esse</span> <span class='ocrx_word' id='word_1_25' title='bbox 1216 854 1388 920; x_wconf 88' lang='lat' dir='ltr'>habendas</span> <span class='ocrx_word' id='word_1_26' title='bbox 1396 849 1427 934; x_wconf 83' lang='lat'>¹).</span> 
     </span>
     <span class='ocr_line' id='line_1_5' title="bbox 263 969 1430 1057; baseline 0.001 -22"><span class='ocrx_word' id='word_1_27' title='bbox 263 969 337 1047; x_wconf 80' lang='lat' dir='ltr'>Qua</span> <span class='ocrx_word' id='word_1_28' title='bbox 360 969 402 1035; x_wconf 90' lang='lat' dir='ltr'>de</span> <span class='ocrx_word' id='word_1_29' title='bbox 427 973 546 1037; x_wconf 87' lang='lat' dir='ltr'>causa?</span> <span class='ocrx_word' id='word_1_30' title='bbox 593 970 680 1048; x_wconf 77' lang='lat' dir='ltr'>Quia</span> <span class='ocrx_word' id='word_1_31' title='bbox 714 971 751 1035; x_wconf 88' lang='grc'>111</span> <span class='ocrx_word' id='word_1_32' title='bbox 785 969 897 1034; x_wconf 90' lang='lat' dir='ltr'>titulis</span> <span class='ocrx_word' id='word_1_33' title='bbox 921 970 1100 1057; x_wconf 80' lang='lat' dir='ltr'>Olympiae</span> <span class='ocrx_word' id='word_1_34' title='bbox 1134 972 1278 1057; x_wconf 79' lang='lat' dir='ltr'>repertis</span> <span class='ocrx_word' id='word_1_35' title='bbox 1307 971 1349 1036; x_wconf 89' lang='lat' dir='ltr'>iis</span> <span class='ocrx_word' id='word_1_36' title='bbox 1374 970 1430 1056; x_wconf 91' lang='lat' dir='ltr'>qui</span> 
     </span>
     <span class='ocr_line' id='line_1_6' title="bbox 262 1086 1429 1174; baseline 0 -23"><span class='ocrx_word' id='word_1_37' title='bbox 262 1086 368 1152; x_wconf 87' lang='lat' dir='ltr'>aetati</span> <span class='ocrx_word' id='word_1_38' title='bbox 400 1093 638 1153; x_wconf 90' lang='lat' dir='ltr'>anteromanae</span> <span class='ocrx_word' id='word_1_39' title='bbox 674 1086 884 1152; x_wconf 90' lang='lat' dir='ltr'>attribuendi</span> <span class='ocrx_word' id='word_1_40' title='bbox 918 1093 1007 1170; x_wconf 86' lang='lat' dir='ltr'>sunt,</span> <span class='ocrx_word' id='word_1_41' title='bbox 1033 1087 1063 1151; x_wconf 91' lang='lat' dir='ltr'>si</span> <span class='ocrx_word' id='word_1_42' title='bbox 1086 1088 1259 1172; x_wconf 78' lang='lat' dir='ltr'>exceperis</span> <span class='ocrx_word' id='word_1_43' title='bbox 1281 1087 1429 1174; x_wconf 89' lang='lat' dir='ltr'>poeticos</span> 
     </span>
     <span class='ocr_line' id='line_1_7' title="bbox 261 1191 1430 1290; baseline -0.003 -22"><span class='ocrx_word' id='word_1_44' title='bbox 261 1204 453 1288; x_wconf 81' lang='lat' dir='ltr'>nonnullae,</span> <span class='ocrx_word' id='word_1_45' title='bbox 477 1204 609 1268; x_wconf 92' lang='lat' dir='ltr'>nullum</span> <span class='ocrx_word' id='word_1_46' title='bbox 631 1203 728 1269; x_wconf 86' lang='lat' dir='ltr'>verbi</span> <span class='ocrx_word' id='word_1_47' title='bbox 752 1191 894 1289; x_wconf 68' lang='grc' dir='ltr'><em>ἀνέθηκε</em></span> <span class='ocrx_word' id='word_1_48' title='bbox 917 1203 1017 1268; x_wconf 88' lang='lat' dir='ltr'>simil.</span> <span class='ocrx_word' id='word_1_49' title='bbox 1042 1203 1218 1270; x_wconf 89' lang='lat' dir='ltr'>invenitur</span> <span class='ocrx_word' id='word_1_50' title='bbox 1233 1204 1430 1290; x_wconf 88' lang='lat' dir='ltr'>vestigium:</span> 
     </span>
     <span class='ocr_line' id='line_1_8' title="bbox 262 1317 1430 1404; baseline 0 -21"><span class='ocrx_word' id='word_1_51' title='bbox 262 1317 352 1404; x_wconf 87' lang='lat' dir='ltr'>quod</span> <span class='ocrx_word' id='word_1_52' title='bbox 374 1319 516 1385; x_wconf 88' lang='lat' dir='ltr'>verbum</span> <span class='ocrx_word' id='word_1_53' title='bbox 540 1319 577 1384; x_wconf 91' lang='lat' dir='ltr'>in</span> <span class='ocrx_word' id='word_1_54' title='bbox 600 1319 711 1384; x_wconf 91' lang='lat' dir='ltr'>titulis</span> <span class='ocrx_word' id='word_1_55' title='bbox 735 1320 816 1385; x_wconf 89' lang='lat' dir='ltr'>inde</span> <span class='ocrx_word' id='word_1_56' title='bbox 839 1319 880 1385; x_wconf 90' lang='lat' dir='ltr'>ab</span> <span class='ocrx_word' id='word_1_57' title='bbox 904 1325 1015 1384; x_wconf 89' lang='lat' dir='ltr'>aetate</span> <span class='ocrx_word' id='word_1_58' title='bbox 1037 1341 1176 1385; x_wconf 87' lang='lat' dir='ltr'>romana</span> <span class='ocrx_word' id='word_1_59' title='bbox 1192 1320 1339 1384; x_wconf 85' lang='lat' dir='ltr'>exaratis</span> <span class='ocrx_word' id='word_1_60' title='bbox 1363 1341 1430 1384; x_wconf 90' lang='lat' dir='ltr'>sae-</span> 
     </span>
     <span class='ocr_line' id='line_1_9' title="bbox 262 1435 1431 1523; baseline -0.001 -23"><span class='ocrx_word' id='word_1_61' title='bbox 262 1435 339 1521; x_wconf 90' lang='lat' dir='ltr'>pius</span> <span class='ocrx_word' id='word_1_62' title='bbox 371 1435 508 1521; x_wconf 81' lang='lat' dir='ltr'>legitur.</span> <span class='ocrx_word' id='word_1_63' title='bbox 554 1437 604 1503; x_wconf 90' lang='lat' dir='ltr'>Ut</span> <span class='ocrx_word' id='word_1_64' title='bbox 631 1441 744 1502; x_wconf 88' lang='lat' dir='ltr'>autem</span> <span class='ocrx_word' id='word_1_65' title='bbox 771 1441 937 1523; x_wconf 87' lang='lat' dir='ltr'>repetam,</span> <span class='ocrx_word' id='word_1_66' title='bbox 963 1442 1093 1500; x_wconf 88' lang='lat' dir='ltr'>statuae</span> <span class='ocrx_word' id='word_1_67' title='bbox 1122 1435 1431 1522; x_wconf 86' lang='lat' dir='ltr'>Olympionicarum</span> 
     </span>
     <span class='ocr_line' id='line_1_10' title="bbox 263 1550 1432 1618; baseline -0.001 -3"><span class='ocrx_word' id='word_1_68' title='bbox 263 1557 342 1616; x_wconf 89' lang='lat' dir='ltr'>ante</span> <span class='ocrx_word' id='word_1_69' title='bbox 359 1553 529 1617; x_wconf 85' lang='lat' dir='ltr'>saeculum</span> <span class='ocrx_word' id='word_1_70' title='bbox 545 1553 580 1617; x_wconf 91' lang='lat' dir='ltr'>H</span> <span class='ocrx_word' id='word_1_71' title='bbox 597 1575 625 1618; x_wconf 88' lang='lat' dir='ltr'>a.</span> <span class='ocrx_word' id='word_1_72' title='bbox 641 1552 719 1618; x_wconf 88' lang='lat' dir='ltr'>Ohr.</span> <span class='ocrx_word' id='word_1_73' title='bbox 733 1551 884 1618; x_wconf 90' lang='lat' dir='ltr'>medium</span> <span class='ocrx_word' id='word_1_74' title='bbox 900 1551 1154 1617; x_wconf 75' lang='lat' dir='ltr'>anathematum</span> <span class='ocrx_word' id='word_1_75' title='bbox 1169 1552 1242 1617; x_wconf 90' lang='lat' dir='ltr'>loco</span> <span class='ocrx_word' id='word_1_76' title='bbox 1259 1574 1278 1616; x_wconf 88' lang='lat' dir='ltr'>a</span> <span class='ocrx_word' id='word_1_77' title='bbox 1295 1550 1432 1618; x_wconf 84' lang='lat' dir='ltr'>Graecis</span> 
     </span>
     <span class='ocr_line' id='line_1_11' title="bbox 262 1666 1432 1754; baseline -0.001 -22"><span class='ocrx_word' id='word_1_78' title='bbox 262 1666 399 1734; x_wconf 90' lang='lat' dir='ltr'>habitae</span> <span class='ocrx_word' id='word_1_79' title='bbox 422 1691 492 1734; x_wconf 91' lang='lat' dir='ltr'>non</span> <span class='ocrx_word' id='word_1_80' title='bbox 516 1675 605 1734; x_wconf 88' lang='lat' dir='ltr'>sunt.</span> <span class='ocrx_word' id='word_1_81' title='bbox 652 1669 740 1735; x_wconf 89' lang='lat' dir='ltr'>Mihi</span> <span class='ocrx_word' id='word_1_82' title='bbox 769 1668 907 1754; x_wconf 91' lang='lat' dir='ltr'>quidem</span> <span class='ocrx_word' id='word_1_83' title='bbox 931 1667 1055 1732; x_wconf 90' lang='lat' dir='ltr'>mirum</span> <span class='ocrx_word' id='word_1_84' title='bbox 1083 1667 1232 1751; x_wconf 85' lang='lat' dir='ltr'>videtur,</span> <span class='ocrx_word' id='word_1_85' title='bbox 1257 1667 1432 1732; x_wconf 90' lang='lat' dir='ltr'>neminen·</span> 
     </span>
     <span class='ocr_line' id='line_1_12' title="bbox 263 1782 1433 1851; baseline -0.001 -3"><span class='ocrx_word' id='word_1_86' title='bbox 263 1782 404 1849; x_wconf 90' lang='lat' dir='ltr'>durnin</span> <span class='ocrx_word' id='word_1_87' title='bbox 438 1784 501 1851; x_wconf 88' lang='lat' dir='ltr'>hac</span> <span class='ocrx_word' id='word_1_88' title='bbox 536 1787 707 1850; x_wconf 90' lang='lat' dir='ltr'>sententia</span> <span class='ocrx_word' id='word_1_89' title='bbox 742 1784 934 1851; x_wconf 83' lang='lat' dir='ltr'>offendisse.</span> <span class='ocrx_word' id='word_1_90' title='bbox 981 1785 1076 1849; x_wconf 91' lang='lat' dir='ltr'>Duae</span> <span class='ocrx_word' id='word_1_91' title='bbox 1110 1791 1223 1848; x_wconf 90' lang='lat' dir='ltr'>autem</span> <span class='ocrx_word' id='word_1_92' title='bbox 1246 1784 1333 1848; x_wconf 93' lang='lat' dir='ltr'>mihi</span> <span class='ocrx_word' id='word_1_93' title='bbox 1357 1787 1433 1848; x_wconf 83' lang='lat' dir='ltr'>sunt</span> 
     </span>
     <span class='ocr_line' id='line_1_13' title="bbox 263 1900 1432 1967; baseline -0.003 -2"><span class='ocrx_word' id='word_1_94' title='bbox 263 1921 392 1966; x_wconf 85' lang='lat' dir='ltr'>causae.</span> <span class='ocrx_word' id='word_1_95' title='bbox 432 1901 530 1967; x_wconf 90' lang='lat' dir='ltr'>Prior</span> <span class='ocrx_word' id='word_1_96' title='bbox 546 1908 609 1967; x_wconf 87' lang='lat' dir='ltr'>est:</span> <span class='ocrx_word' id='word_1_97' title='bbox 633 1923 748 1967; x_wconf 88' lang='lat' dir='ltr'>nonne</span> <span class='ocrx_word' id='word_1_98' title='bbox 764 1900 986 1967; x_wconf 89' lang='lat' dir='ltr'>verisimilius</span> <span class='ocrx_word' id='word_1_99' title='bbox 1010 1900 1154 1964; x_wconf 85' lang='lat' dir='ltr'>catillis</span> <span class='ocrx_word' id='word_1_100' title='bbox 1179 1900 1301 1965; x_wconf 85' lang='lat' dir='ltr'>statuis</span> <span class='ocrx_word' id='word_1_101' title='bbox 1326 1904 1432 1966; x_wconf 86' lang='lat' dir='ltr'>aetate</span> 
     </span>
     <span class='ocr_line' id='line_1_14' title="bbox 264 2016 1433 2104; baseline -0.002 -24"><span class='ocrx_word' id='word_1_102' title='bbox 264 2023 482 2082; x_wconf 87' lang='lat' dir='ltr'>anteromana</span> <span class='ocrx_word' id='word_1_103' title='bbox 506 2018 580 2104; x_wconf 91' lang='lat' dir='ltr'>ipsa</span> <span class='ocrx_word' id='word_1_104' title='bbox 610 2017 740 2102; x_wconf 88' lang='lat' dir='ltr'>aliquid</span> <span class='ocrx_word' id='word_1_105' title='bbox 778 2016 884 2082; x_wconf 82' lang='lat' dir='ltr'>fuisse</span> <span class='ocrx_word' id='word_1_106' title='bbox 923 2016 1032 2081; x_wconf 89' lang='lat' dir='ltr'>sancti</span> <span class='ocrx_word' id='word_1_107' title='bbox 1057 2017 1078 2081; x_wconf 94' lang='lat' dir='ltr'>i.</span> <span class='ocrx_word' id='word_1_108' title='bbox 1103 2039 1131 2080; x_wconf 92' lang='lat' dir='ltr'>e.</span> <span class='ocrx_word' id='word_1_109' title='bbox 1161 2039 1216 2080; x_wconf 90' lang='lat' dir='ltr'>eas</span> <span class='ocrx_word' id='word_1_110' title='bbox 1241 2016 1433 2081; x_wconf 90' lang='lat' dir='ltr'>anathema-</span> 
     </span>
     <span class='ocr_line' id='line_1_15' title="bbox 264 2132 1434 2240; baseline -0.002 -42"><span class='ocrx_word' id='word_1_111' title='bbox 264 2139 338 2198; x_wconf 92' lang='lat' dir='ltr'>tum</span> <span class='ocrx_word' id='word_1_112' title='bbox 360 2133 433 2198; x_wconf 93' lang='lat' dir='ltr'>loco</span> <span class='ocrx_word' id='word_1_113' title='bbox 457 2132 601 2218; x_wconf 86' lang='lat' dir='ltr'>habitas,</span> <span class='ocrx_word' id='word_1_114' title='bbox 627 2140 744 2199; x_wconf 91' lang='lat' dir='ltr'>contra</span> <span class='ocrx_word' id='word_1_115' title='bbox 767 2132 848 2198; x_wconf 89' lang='lat' dir='ltr'>inde</span> <span class='ocrx_word' id='word_1_116' title='bbox 872 2156 891 2198; x_wconf 90' lang='lat' dir='ltr'>a</span> <span class='ocrx_word' id='word_1_117' title='bbox 914 2133 1144 2198; x_wconf 86' lang='lat' dir='ltr'>Romanorum</span> <span class='ocrx_word' id='word_1_118' title='bbox 1164 2132 1362 2240; x_wconf 77' lang='lat' dir='ltr'>principatu</span> <span class='ocrx_word' id='word_1_119' title='bbox 1386 2153 1434 2196; x_wconf 90' lang='lat' dir='ltr'>so·</span> 
     </span>
     <span class='ocr_line' id='line_1_16' title="bbox 263 2248 1436 2316; baseline -0.002 -3"><span class='ocrx_word' id='word_1_120' title='bbox 263 2249 333 2313; x_wconf 90' lang='lat' dir='ltr'>lum</span> <span class='ocrx_word' id='word_1_121' title='bbox 369 2249 411 2316; x_wconf 91' lang='lat' dir='ltr'>ob</span> <span class='ocrx_word' id='word_1_122' title='bbox 446 2248 623 2315; x_wconf 90' lang='lat' dir='ltr'>hominum</span> <span class='ocrx_word' id='word_1_123' title='bbox 656 2248 820 2314; x_wconf 91' lang='lat' dir='ltr'>honorem</span> <span class='ocrx_word' id='word_1_124' title='bbox 856 2249 1034 2314; x_wconf 89' lang='lat' dir='ltr'>collocatas</span> <span class='ocrx_word' id='word_1_125' title='bbox 1070 2248 1164 2312; x_wconf 86' lang='lat' dir='ltr'>esse?</span> <span class='ocrx_word' id='word_1_126' title='bbox 1213 2248 1349 2314; x_wconf 90' lang='lat' dir='ltr'>Altera:</span> <span class='ocrx_word' id='word_1_127' title='bbox 1380 2268 1436 2312; x_wconf 92' lang='lat' dir='ltr'>cur</span> 
     </span>
     <span class='ocr_line' id='line_1_17' title="bbox 264 2364 1435 2452; baseline -0.002 -23"><span class='ocrx_word' id='word_1_128' title='bbox 264 2365 356 2430; x_wconf 89' lang='lat' dir='ltr'>inter</span> <span class='ocrx_word' id='word_1_129' title='bbox 379 2365 500 2431; x_wconf 91' lang='lat' dir='ltr'>aetatis</span> <span class='ocrx_word' id='word_1_130' title='bbox 533 2373 772 2442; x_wconf 89' lang='lat' dir='ltr'>anteromanae</span> <span class='ocrx_word' id='word_1_131' title='bbox 800 2365 919 2430; x_wconf 92' lang='lat' dir='ltr'>titulos</span> <span class='ocrx_word' id='word_1_132' title='bbox 943 2364 1093 2452; x_wconf 91' lang='lat' dir='ltr'>poeticos</span> <span class='ocrx_word' id='word_1_133' title='bbox 1117 2369 1152 2428; x_wconf 91' lang='lat' dir='ltr'>et</span> <span class='ocrx_word' id='word_1_134' title='bbox 1174 2365 1345 2450; x_wconf 84' lang='lat' dir='ltr'>prosaicos</span> <span class='ocrx_word' id='word_1_135' title='bbox 1370 2364 1435 2429; x_wconf 90' lang='lat' dir='ltr'>dis·</span> 
     </span>
     <span class='ocr_line' id='line_1_18' title="bbox 265 2480 1436 2568; baseline -0.002 -22"><span class='ocrx_word' id='word_1_136' title='bbox 265 2481 395 2548; x_wconf 87' lang='lat' dir='ltr'>crimen</span> <span class='ocrx_word' id='word_1_137' title='bbox 430 2482 535 2547; x_wconf 84' lang='lat' dir='ltr'>suisse</span> <span class='ocrx_word' id='word_1_138' title='bbox 569 2481 759 2568; x_wconf 89' lang='lat' dir='ltr'>putandum</span> <span class='ocrx_word' id='word_1_139' title='bbox 795 2483 871 2547; x_wconf 81' lang='lat' dir='ltr'>est?</span> <span class='ocrx_word' id='word_1_140' title='bbox 917 2480 996 2545; x_wconf 84' lang='lat' dir='ltr'>Alio</span> <span class='ocrx_word' id='word_1_141' title='bbox 1031 2481 1111 2546; x_wconf 91' lang='lat' dir='ltr'>olim</span> <span class='ocrx_word' id='word_1_142' title='bbox 1140 2481 1212 2545; x_wconf 94' lang='lat' dir='ltr'>loco</span> <span class='ocrx_word' id='word_1_143' title='bbox 1236 2483 1377 2568; x_wconf 89' lang='lat' dir='ltr'>propius</span> <span class='ocrx_word' id='word_1_144' title='bbox 1401 2480 1436 2544; x_wconf 90' lang='lat' dir='ltr'>in</span> 
     </span>
    </p>
   </div>
   <div class='ocr_carea' id='block_1_3' title="bbox 264 2597 1546 3380">
    <p class='ocr_par' dir='ltr' id='par_1_3' title="bbox 264 2597 1546 3380">
     <span class='ocr_line' id='line_1_19' title="bbox 264 2597 1448 2686; baseline -0.005 -22"><span class='ocrx_word' id='word_1_145' title='bbox 264 2597 352 2664; x_wconf 90' lang='lat' dir='ltr'>hanc</span> <span class='ocrx_word' id='word_1_146' title='bbox 389 2599 430 2664; x_wconf 89' lang='lat' dir='ltr'>de</span> <span class='ocrx_word' id='word_1_147' title='bbox 455 2598 704 2686; x_wconf 88' lang='lat' dir='ltr'>Olympionicis</span> <span class='ocrx_word' id='word_1_148' title='bbox 741 2597 974 2683; x_wconf 89' lang='lat' dir='ltr'>quaestionem</span> <span class='ocrx_word' id='word_1_149' title='bbox 1008 2597 1253 2682; x_wconf 89' lang='lat' dir='ltr'>inquisiturum</span> <span class='ocrx_word' id='word_1_150' title='bbox 1281 2620 1336 2662; x_wconf 91' lang='lat' dir='ltr'>me</span> <span class='ocrx_word' id='word_1_151' title='bbox 1365 2617 1448 2680; x_wconf 35' lang='lat' dir='ltr'>esse·</span> 
     </span>
     <span class='ocr_line' id='line_1_20' title="bbox 266 2713 1433 2802; baseline -0.005 -22"><span class='ocrx_word' id='word_1_152' title='bbox 266 2737 375 2802; x_wconf 81' lang='lat' dir='ltr'>spero,</span> <span class='ocrx_word' id='word_1_153' title='bbox 422 2715 489 2780; x_wconf 89' lang='lat' dir='ltr'>Hic</span> <span class='ocrx_word' id='word_1_154' title='bbox 505 2715 542 2780; x_wconf 87' lang='lat' dir='ltr'>id</span> <span class='ocrx_word' id='word_1_155' title='bbox 564 2737 671 2780; x_wconf 90' lang='lat' dir='ltr'>unum</span> <span class='ocrx_word' id='word_1_156' title='bbox 695 2713 791 2797; x_wconf 89' lang='lat' dir='ltr'>addc,</span> <span class='ocrx_word' id='word_1_157' title='bbox 815 2713 985 2778; x_wconf 86' lang='lat' dir='ltr'>victorum</span> <span class='ocrx_word' id='word_1_158' title='bbox 1009 2718 1146 2796; x_wconf 81' lang='lat' dir='ltr'>statuae,</span> <span class='ocrx_word' id='word_1_159' title='bbox 1172 2713 1273 2778; x_wconf 91' lang='lat' dir='ltr'>simul</span> <span class='ocrx_word' id='word_1_160' title='bbox 1296 2713 1433 2778; x_wconf 90' lang='lat' dir='ltr'>verbum</span> 
     </span>
     <span class='ocr_line' id='line_1_21' title="bbox 267 2820 1436 2917; baseline -0.003 -25"><span class='ocrx_word' id='word_1_161' title='bbox 267 2820 410 2917; x_wconf 77' lang='grc' dir='ltr'><em>ἀνέθησε</em></span> <span class='ocrx_word' id='word_1_162' title='bbox 433 2831 534 2896; x_wconf 89' lang='lat' dir='ltr'>simil.</span> <span class='ocrx_word' id='word_1_163' title='bbox 570 2831 759 2915; x_wconf 84' lang='lat' dir='ltr'>invenitur,</span> <span class='ocrx_word' id='word_1_164' title='bbox 790 2828 1024 2895; x_wconf 89' lang='lat' dir='ltr'>attribuendas</span> <span class='ocrx_word' id='word_1_165' title='bbox 1048 2851 1121 2894; x_wconf 86' lang='lat' dir='ltr'>esse</span> <span class='ocrx_word' id='word_1_166' title='bbox 1144 2829 1371 2894; x_wconf 89' lang='lat' dir='ltr'>anathematis</span> <span class='ocrx_word' id='word_1_167' title='bbox 1395 2825 1436 2891; x_wconf 92' lang='lat' dir='ltr'>ad</span> 
     </span>
     <span class='ocr_line' id='line_1_22' title="bbox 265 2945 1436 3035; baseline -0.005 -23"><span class='ocrx_word' id='word_1_168' title='bbox 265 2947 363 3014; x_wconf 88' lang='lat' dir='ltr'>ludos</span> <span class='ocrx_word' id='word_1_169' title='bbox 386 2948 565 3034; x_wconf 84' lang='lat' dir='ltr'>gymnicos</span> <span class='ocrx_word' id='word_1_170' title='bbox 589 2945 831 3035; x_wconf 87' lang='lat' dir='ltr'>spectantibus.</span> <span class='ocrx_word' id='word_1_171' title='bbox 871 2945 1084 3012; x_wconf 88' lang='lat' dir='ltr'>Nominatim</span> <span class='ocrx_word' id='word_1_172' title='bbox 1107 2967 1163 3010; x_wconf 89' lang='lat' dir='ltr'>eas</span> <span class='ocrx_word' id='word_1_173' title='bbox 1179 2945 1299 3009; x_wconf 90' lang='lat' dir='ltr'>afferre</span> <span class='ocrx_word' id='word_1_174' title='bbox 1323 2964 1436 3030; x_wconf 90' lang='lat' dir='ltr'>super·</span> 
     </span>
     <span class='ocr_line' id='line_1_23' title="bbox 266 3058 1546 3147; baseline -0.008 -17"><span class='ocrx_word' id='word_1_175' title='bbox 266 3087 453 3130; x_wconf 86' lang='lat' dir='ltr'>vacaneum</span> <span class='ocrx_word' id='word_1_176' title='bbox 481 3065 567 3130; x_wconf 91' lang='lat' dir='ltr'>mihi</span> <span class='ocrx_word' id='word_1_177' title='bbox 601 3058 780 3144; x_wconf 75' lang='lat' dir='ltr'>videtur2).</span> <span class='ocrx_word' id='word_1_178' title='bbox 828 3061 896 3128; x_wconf 85' lang='lat' dir='ltr'>Sed</span> <span class='ocrx_word' id='word_1_179' title='bbox 923 3062 991 3126; x_wconf 90' lang='lat' dir='ltr'>alia</span> <span class='ocrx_word' id='word_1_180' title='bbox 1013 3083 1145 3147; x_wconf 86' lang='lat' dir='ltr'>quoque</span> <span class='ocrx_word' id='word_1_181' title='bbox 1169 3084 1207 3126; x_wconf 89' lang='lat' dir='ltr'>ac</span> <span class='ocrx_word' id='word_1_182' title='bbox 1231 3067 1364 3126; x_wconf 87' lang='lat' dir='ltr'>statuae</span> <span class='ocrx_word' id='word_1_183' title='bbox 1388 3059 1435 3144; x_wconf 90' lang='lat' dir='ltr'>ip·</span> <span class='ocrx_word' id='word_1_184' title='bbox 1545 3095 1546 3120; x_wconf 52' lang='grc'><strong>1</strong></span> 
     </span>
     <span class='ocr_line' id='line_1_24' title="bbox 267 3177 1546 3264; baseline -0.007 -18"><span class='ocrx_word' id='word_1_185' title='bbox 267 3203 380 3246; x_wconf 91' lang='lat' dir='ltr'>sorum</span> <span class='ocrx_word' id='word_1_186' title='bbox 404 3180 492 3246; x_wconf 90' lang='lat' dir='ltr'>dona</span> <span class='ocrx_word' id='word_1_187' title='bbox 514 3204 534 3245; x_wconf 89' lang='lat' dir='ltr'>a</span> <span class='ocrx_word' id='word_1_188' title='bbox 556 3181 742 3247; x_wconf 86' lang='lat' dir='ltr'>victoribus</span> <span class='ocrx_word' id='word_1_189' title='bbox 768 3178 922 3244; x_wconf 89' lang='lat' dir='ltr'>dedicata</span> <span class='ocrx_word' id='word_1_190' title='bbox 938 3185 1019 3243; x_wconf 89' lang='lat' dir='ltr'>sunt</span> <span class='ocrx_word' id='word_1_191' title='bbox 1034 3177 1222 3264; x_wconf 88' lang='lat' dir='ltr'>Olympiae.</span> <span class='ocrx_word' id='word_1_192' title='bbox 1263 3178 1340 3242; x_wconf 90' lang='lat' dir='ltr'>Huc</span> <span class='ocrx_word' id='word_1_193' title='bbox 1364 3195 1436 3262; x_wconf 90' lang='lat' dir='ltr'>per·</span> <span class='ocrx_word' id='word_1_194' title='bbox 1545 3185 1546 3194; x_wconf 77' lang='grc'>’</span> 
     </span>
     <span class='ocr_line' id='line_1_25' title="bbox 266 3287 1437 3380; baseline -0.01 -15"><span class='ocrx_word' id='word_1_195' title='bbox 266 3297 381 3365; x_wconf 87' lang='lat' dir='ltr'>tinent</span> <span class='ocrx_word' id='word_1_196' title='bbox 404 3320 520 3364; x_wconf 87' lang='lat' dir='ltr'>currus</span> <span class='ocrx_word' id='word_1_197' title='bbox 544 3297 597 3362; x_wconf 87' lang='lat' dir='ltr'>illi</span> <span class='ocrx_word' id='word_1_198' title='bbox 620 3320 639 3362; x_wconf 88' lang='lat' dir='ltr'>a</span> <span class='ocrx_word' id='word_1_199' title='bbox 663 3289 827 3378; x_wconf 60' lang='lat' dir='ltr'>Geloness)</span> <span class='ocrx_word' id='word_1_200' title='bbox 852 3295 983 3359; x_wconf 88' lang='lat' dir='ltr'>saeculo</span> <span class='ocrx_word' id='word_1_201' title='bbox 1007 3295 1047 3378; x_wconf 84' lang='lat' dir='ltr'>V,</span> <span class='ocrx_word' id='word_1_202' title='bbox 1066 3317 1085 3358; x_wconf 94' lang='lat' dir='ltr'>a</span> <span class='ocrx_word' id='word_1_203' title='bbox 1102 3287 1280 3380; x_wconf 78' lang='lat' dir='ltr'>Oynisca4)</span> <span class='ocrx_word' id='word_1_204' title='bbox 1306 3290 1437 3359; x_wconf 88' lang='lat' dir='ltr'>saeculo</span> 
     </span>
    </p>
   </div>
   <div class='ocr_carea' id='block_1_4' title="bbox 268 3559 480 3569">
    <p class='ocr_par' dir='ltr' id='par_1_4' title="bbox 268 3559 480 3569">
     <span class='ocr_line' id='line_1_26' title="bbox 268 3559 480 3569; baseline -0.014 0"><span class='ocrx_word' id='word_1_205' title='bbox 268 3559 480 3569; x_wconf 73' lang='lat'><strong><em>„-—--—--·</em></strong></span> 
     </span>
    </p>
   </div>
   <div class='ocr_carea' id='block_1_5' title="bbox 267 3724 1438 4256">
    <p class='ocr_par' dir='ltr' id='par_1_5' title="bbox 267 3724 1438 4256">
     <span class='ocr_line' id='line_1_27' title="bbox 375 3724 1437 3806; baseline -0.015 -14"><span class='ocrx_word' id='word_1_206' title='bbox 375 3734 401 3806; x_wconf 89' lang='lat'>1)</span> <span class='ocrx_word' id='word_1_207' title='bbox 422 3735 465 3791; x_wconf 82' lang='lat' dir='ltr'>Of.</span> <span class='ocrx_word' id='word_1_208' title='bbox 485 3735 605 3804; x_wconf 60' lang='lat' dir='ltr'>Furtw„</span> <span class='ocrx_word' id='word_1_209' title='bbox 624 3732 779 3804; x_wconf 85' lang='lat' dir='ltr'>Mittheilg.</span> <span class='ocrx_word' id='word_1_210' title='bbox 792 3734 826 3787; x_wconf 54' lang='lat' dir='ltr'>‘V</span> <span class='ocrx_word' id='word_1_211' title='bbox 844 3751 870 3803; x_wconf 91' lang='lat' dir='ltr'>p.</span> <span class='ocrx_word' id='word_1_212' title='bbox 890 3731 996 3786; x_wconf 50' lang='lat'>2942</span> <span class='ocrx_word' id='word_1_213' title='bbox 1016 3772 1139 3800; x_wconf 87' lang='lat'>.....</span> <span class='ocrx_word' id='word_1_214' title='bbox 1141 3729 1276 3801; x_wconf 85' lang='lat' dir='ltr'>lediglich</span> <span class='ocrx_word' id='word_1_215' title='bbox 1290 3729 1332 3783; x_wconf 90' lang='lat' dir='ltr'>als</span> <span class='ocrx_word' id='word_1_216' title='bbox 1345 3724 1437 3781; x_wconf 68' lang='grc'><strong>1111111(-</strong></span> 
     </span>
     <span class='ocr_line' id='line_1_28' title="bbox 267 3819 1438 3893; baseline -0.015 -11"><span class='ocrx_word' id='word_1_217' title='bbox 267 3827 342 3882; x_wconf 91' lang='lat' dir='ltr'>male</span> <span class='ocrx_word' id='word_1_218' title='bbox 361 3826 411 3881; x_wconf 88' lang='lat' dir='ltr'>des</span> <span class='ocrx_word' id='word_1_219' title='bbox 430 3825 521 3880; x_wconf 90' lang='lat' dir='ltr'>durch</span> <span class='ocrx_word' id='word_1_220' title='bbox 534 3825 589 3878; x_wconf 91' lang='lat' dir='ltr'>den</span> <span class='ocrx_word' id='word_1_221' title='bbox 604 3823 671 3893; x_wconf 83' lang='lat' dir='ltr'>Sieg</span> <span class='ocrx_word' id='word_1_222' title='bbox 686 3823 872 3877; x_wconf 89' lang='lat' dir='ltr'>erworbenen</span> <span class='ocrx_word' id='word_1_223' title='bbox 891 3820 1092 3892; x_wconf 81' lang='lat' dir='ltr'>persdnlichen</span> <span class='ocrx_word' id='word_1_224' title='bbox 1105 3820 1249 3890; x_wconf 88' lang='lat' dir='ltr'>Ruhmes;</span> <span class='ocrx_word' id='word_1_225' title='bbox 1270 3819 1330 3872; x_wconf 92' lang='lat' dir='ltr'>und</span> <span class='ocrx_word' id='word_1_226' title='bbox 1342 3829 1438 3870; x_wconf 89' lang='lat' dir='ltr'>waren</span> 
     </span>
     <span class='ocr_line' id='line_1_29' title="bbox 267 3901 1436 3982; baseline -0.013 -12"><span class='ocrx_word' id='word_1_227' title='bbox 267 3916 308 3970; x_wconf 88' lang='lat' dir='ltr'>sie</span> <span class='ocrx_word' id='word_1_228' title='bbox 327 3916 401 3970; x_wconf 91' lang='lat' dir='ltr'>auch</span> <span class='ocrx_word' id='word_1_229' title='bbox 418 3913 612 3969; x_wconf 80' lang='lat' dir='ltr'>thats&#39;achlioh</span> <span class='ocrx_word' id='word_1_230' title='bbox 632 3912 683 3966; x_wconf 87' lang='lat' dir='ltr'>das</span> <span class='ocrx_word' id='word_1_231' title='bbox 701 3911 880 3982; x_wconf 84' lang='lat' dir='ltr'>Eigenthum</span> <span class='ocrx_word' id='word_1_232' title='bbox 900 3909 949 3964; x_wconf 88' lang='lat' dir='ltr'>des</span> <span class='ocrx_word' id='word_1_233' title='bbox 968 3910 1085 3978; x_wconf 82' lang='lat' dir='ltr'>Gottes,</span> <span class='ocrx_word' id='word_1_234' title='bbox 1113 3908 1143 3963; x_wconf 91' lang='lat' dir='ltr'>in</span> <span class='ocrx_word' id='word_1_235' title='bbox 1162 3909 1265 3963; x_wconf 89' lang='lat' dir='ltr'>dessen</span> <span class='ocrx_word' id='word_1_236' title='bbox 1284 3907 1378 3962; x_wconf 89' lang='lat' dir='ltr'>Haine</span> <span class='ocrx_word' id='word_1_237' title='bbox 1397 3901 1436 3955; x_wconf 87' lang='lat' dir='ltr'>sie</span> 
     </span>
     <span class='ocr_line' id='line_1_30' title="bbox 267 3993 1437 4074; baseline -0.014 -14"><span class='ocrx_word' id='word_1_238' title='bbox 267 4006 398 4074; x_wconf 83' lang='lat' dir='ltr'>standan,</span> <span class='ocrx_word' id='word_1_239' title='bbox 417 4022 450 4059; x_wconf 88' lang='lat' dir='ltr'>so</span> <span class='ocrx_word' id='word_1_240' title='bbox 469 4022 531 4058; x_wconf 85' lang='lat' dir='ltr'>war</span> <span class='ocrx_word' id='word_1_241' title='bbox 549 4002 623 4056; x_wconf 89' lang='lat' dir='ltr'>doch</span> <span class='ocrx_word' id='word_1_242' title='bbox 643 4001 694 4056; x_wconf 89' lang='lat' dir='ltr'>das</span> <span class='ocrx_word' id='word_1_243' title='bbox 712 4000 806 4055; x_wconf 89' lang='lat' dir='ltr'>Motiv</span> <span class='ocrx_word' id='word_1_244' title='bbox 826 3999 870 4054; x_wconf 91' lang='lat' dir='ltr'>bei</span> <span class='ocrx_word' id='word_1_245' title='bbox 888 3999 967 4054; x_wconf 85' lang='lat' dir='ltr'>ihrer</span> <span class='ocrx_word' id='word_1_246' title='bbox 983 3998 1170 4069; x_wconf 84' lang='lat' dir='ltr'>Aufstellung</span> <span class='ocrx_word' id='word_1_247' title='bbox 1189 3998 1271 4052; x_wconf 91' lang='lat' dir='ltr'>nicht</span> <span class='ocrx_word' id='word_1_248' title='bbox 1284 4003 1360 4051; x_wconf 91' lang='lat' dir='ltr'>etwa</span> <span class='ocrx_word' id='word_1_249' title='bbox 1381 3993 1437 4056; x_wconf 84' lang='lat' dir='ltr'>das,</span> 
     </span>
     <span class='ocr_line' id='line_1_31' title="bbox 268 4081 1438 4159; baseline -0.015 -9"><span class='ocrx_word' id='word_1_250' title='bbox 268 4097 333 4150; x_wconf 90' lang='lat' dir='ltr'>dem</span> <span class='ocrx_word' id='word_1_251' title='bbox 352 4095 440 4149; x_wconf 86' lang='lat' dir='ltr'>Gotte</span> <span class='ocrx_word' id='word_1_252' title='bbox 459 4093 506 4146; x_wconf 86' lang='lat' dir='ltr'>cin</span> <span class='ocrx_word' id='word_1_253' title='bbox 526 4091 679 4146; x_wconf 88' lang='lat' dir='ltr'>Gcschenk</span> <span class='ocrx_word' id='word_1_254' title='bbox 698 4089 918 4159; x_wconf 84' lang='lat' dir='ltr'>darzubringen,</span> <span class='ocrx_word' id='word_1_255' title='bbox 937 4088 1061 4142; x_wconf 88' lang='lat' dir='ltr'>sondcrn</span> <span class='ocrx_word' id='word_1_256' title='bbox 1080 4106 1138 4142; x_wconf 91' lang='lat' dir='ltr'>von</span> <span class='ocrx_word' id='word_1_257' title='bbox 1158 4087 1251 4142; x_wconf 89' lang='lat' dir='ltr'>einem</span> <span class='ocrx_word' id='word_1_258' title='bbox 1264 4086 1377 4141; x_wconf 86' lang='lat' dir='ltr'>Rechte</span> <span class='ocrx_word' id='word_1_259' title='bbox 1391 4081 1438 4135; x_wconf 86' lang='lat' dir='ltr'>des</span> 
     </span>
     <span class='ocr_line' id='line_1_32' title="bbox 267 4174 1306 4256; baseline -0.011 -17"><span class='ocrx_word' id='word_1_260' title='bbox 267 4184 382 4256; x_wconf 86' lang='lat' dir='ltr'>Siegers</span> <span class='ocrx_word' id='word_1_261' title='bbox 401 4180 555 4238; x_wconf 85' lang='lat' dir='ltr'>Gabrauch</span> <span class='ocrx_word' id='word_1_262' title='bbox 573 4179 722 4249; x_wconf 89' lang='lat' dir='ltr'>machend,</span> <span class='ocrx_word' id='word_1_263' title='bbox 743 4180 798 4234; x_wconf 90' lang='lat' dir='ltr'>den</span> <span class='ocrx_word' id='word_1_264' title='bbox 817 4178 921 4250; x_wconf 82' lang='lat' dir='ltr'>aignan</span> <span class='ocrx_word' id='word_1_265' title='bbox 940 4177 1039 4232; x_wconf 86' lang='lat' dir='ltr'>Ruhm</span> <span class='ocrx_word' id='word_1_266' title='bbox 1058 4195 1094 4242; x_wconf 84' lang='lat' dir='ltr'>zu</span> <span class='ocrx_word' id='word_1_267' title='bbox 1113 4174 1306 4232; x_wconf 79' lang='lat' dir='ltr'>verktindcn.“</span> 
     </span>
    </p>
   </div>
   <div class='ocr_carea' id='block_1_6' title="bbox 303 4311 1436 4650">
    <p class='ocr_par' dir='ltr' id='par_1_6' title="bbox 303 4311 1436 4650">
     <span class='ocr_line' id='line_1_33' title="bbox 375 4311 1436 4398; baseline -0.01 -18"><span class='ocrx_word' id='word_1_268' title='bbox 375 4325 403 4398; x_wconf 85' lang='lat'>2)</span> <span class='ocrx_word' id='word_1_269' title='bbox 424 4325 467 4381; x_wconf 84' lang='lat' dir='ltr'>of.</span> <span class='ocrx_word' id='word_1_270' title='bbox 487 4325 597 4380; x_wconf 83' lang='lat' dir='ltr'>Furtw.</span> <span class='ocrx_word' id='word_1_271' title='bbox 617 4324 635 4377; x_wconf 92' lang='lat' dir='ltr'>l.</span> <span class='ocrx_word' id='word_1_272' title='bbox 654 4324 672 4378; x_wconf 93' lang='lat' dir='ltr'>l.</span> <span class='ocrx_word' id='word_1_273' title='bbox 693 4328 721 4378; x_wconf 89' lang='lat' dir='ltr'>et</span> <span class='ocrx_word' id='word_1_274' title='bbox 741 4323 774 4377; x_wconf 85' lang='lat' dir='ltr'>G.</span> <span class='ocrx_word' id='word_1_275' title='bbox 793 4321 961 4376; x_wconf 84' lang='lat' dir='ltr'>Hirschfeld</span> <span class='ocrx_word' id='word_1_276' title='bbox 984 4321 1054 4375; x_wconf 88' lang='lat' dir='ltr'>diar.</span> <span class='ocrx_word' id='word_1_277' title='bbox 1074 4321 1151 4375; x_wconf 88' lang='lat' dir='ltr'>arch.</span> <span class='ocrx_word' id='word_1_278' title='bbox 1173 4320 1242 4374; x_wconf 84' lang='lat'>1882</span> <span class='ocrx_word' id='word_1_279' title='bbox 1261 4337 1287 4390; x_wconf 92' lang='lat' dir='ltr'>p.</span> <span class='ocrx_word' id='word_1_280' title='bbox 1307 4311 1436 4373; x_wconf 83' lang='lat'>98-104.</span> 
     </span>
     <span class='ocr_line' id='line_1_34' title="bbox 374 4446 1156 4523; baseline -0.009 -16"><span class='ocrx_word' id='word_1_281' title='bbox 374 4451 403 4523; x_wconf 84' lang='lat'>3)</span> <span class='ocrx_word' id='word_1_282' title='bbox 423 4454 509 4507; x_wconf 80' lang='lat' dir='ltr'>Paus</span> <span class='ocrx_word' id='word_1_283' title='bbox 529 4451 579 4521; x_wconf 86' lang='lat' dir='ltr'>VI,</span> <span class='ocrx_word' id='word_1_284' title='bbox 599 4451 624 4519; x_wconf 87' lang='lat'>9,</span> <span class='ocrx_word' id='word_1_285' title='bbox 643 4450 661 4502; x_wconf 92' lang='grc'>4</span> <span class='ocrx_word' id='word_1_286' title='bbox 679 4466 752 4519; x_wconf 84' lang='lat' dir='ltr'>sqq.;</span> <span class='ocrx_word' id='word_1_287' title='bbox 772 4447 842 4501; x_wconf 89' lang='lat' dir='ltr'>diar.</span> <span class='ocrx_word' id='word_1_288' title='bbox 862 4447 939 4502; x_wconf 90' lang='lat' dir='ltr'>arch.</span> <span class='ocrx_word' id='word_1_289' title='bbox 961 4447 1075 4500; x_wconf 80' lang='grc'><strong>187811.</strong></span> <span class='ocrx_word' id='word_1_290' title='bbox 1097 4446 1156 4500; x_wconf 90' lang='grc'><strong>186.</strong></span> 
     </span>
     <span class='ocr_line' id='line_1_35' title="bbox 303 4571 1242 4650; baseline -0.012 -15"><span class='ocrx_word' id='word_1_291' title='bbox 303 4627 308 4636; x_wconf 97' lang='grc'><strong>.</strong></span> <span class='ocrx_word' id='word_1_292' title='bbox 375 4578 403 4650; x_wconf 83' lang='grc'>4)</span> <span class='ocrx_word' id='word_1_293' title='bbox 423 4580 509 4633; x_wconf 90' lang='lat' dir='ltr'>Paus.</span> <span class='ocrx_word' id='word_1_294' title='bbox 529 4577 563 4647; x_wconf 87' lang='lat' dir='ltr'>V,</span> <span class='ocrx_word' id='word_1_295' title='bbox 585 4579 626 4646; x_wconf 83' lang='lat'>12,</span> <span class='ocrx_word' id='word_1_296' title='bbox 646 4575 674 4644; x_wconf 83' lang='lat'>5;</span> <span class='ocrx_word' id='word_1_297' title='bbox 695 4575 744 4642; x_wconf 85' lang='lat' dir='ltr'>VI,</span> <span class='ocrx_word' id='word_1_298' title='bbox 765 4576 789 4643; x_wconf 90' lang='lat'>1,</span> <span class='ocrx_word' id='word_1_299' title='bbox 808 4575 838 4644; x_wconf 81' lang='lat'>63</span> <span class='ocrx_word' id='word_1_300' title='bbox 858 4573 928 4628; x_wconf 89' lang='lat' dir='ltr'>diar.</span> <span class='ocrx_word' id='word_1_301' title='bbox 948 4573 1025 4627; x_wconf 90' lang='lat' dir='ltr'>arch.</span> <span class='ocrx_word' id='word_1_302' title='bbox 1047 4572 1162 4625; x_wconf 80' lang='grc'><strong>187911.</strong></span> <span class='ocrx_word' id='word_1_303' title='bbox 1181 4571 1242 4625; x_wconf 87' lang='lat'>301.</span> 
     </span>
    </p>
   </div>
   <div class='ocr_carea' id='block_1_7' title="bbox 0 0 1604 4962">
    <p class='ocr_par' dir='ltr' id='par_1_7' title="bbox 0 0 1604 4962">
     <span class='ocr_line' id='line_1_36' title="bbox 0 0 1604 4962; baseline 0 0"><span class='ocrx_word' id='word_1_304' title='bbox 0 0 1604 4962; x_wconf 95' lang='lat' dir='ltr'> </span> 
     </span>
    </p>
   </div>
  </div>
 </body>
</html>
