3188 4962
704 229 923 300 „52-

225 447 420 517 libertatem
442 448 638 515 vindicatis.
682 450 726 516 H.
751 443 934 529 Sdnenklll
959 447 1098 534 quidem
1122 447 1311 536 suspicatus
1335 453 1399 533 est,

167 542 170 549 ¹
224 572 359 654 pateras
395 587 510 633 eorum
545 565 684 632 donaria
719 588 802 651 esse,
837 565 896 652 qui
919 565 988 631 iam
1010 565 1144 652 pridem
1166 565 1302 632 liberati
1324 573 1401 635 tum

225 681 362 748 demum
378 681 593 747 dedicassent
610 703 696 767 oum,
718 686 857 768 propter
873 680 988 747 officia
1003 703 1084 768 erga
1099 688 1259 768 patronos
1276 682 1402 748 omissa

224 799 338 865 vocati
361 798 398 864 in
421 793 516 883 ius2),
540 798 687 864 absoluti
710 802 833 864 essent.
875 796 968 874 Quae
992 797 1164 864 sententia
1187 799 1402 885 argumentis

223 936 294 981 non
317 915 366 980 ita
389 913 536 980 stabiliri
559 919 681 1002 potest,
705 919 745 980 ut
768 936 842 979 eam
865 914 1117 1000 amplectamur.

330 1049 491 1116 Donariis
526 1047 569 1114 ad
603 1047 740 1133 bellum,
771 1046 936 1132 morbum,
965 1046 1194 1134 naufragium,
1219 1047 1401 1114 servitium

224 1165 458 1254 spectantibus
493 1171 606 1230 cetera
640 1163 764 1230 addam
798 1185 941 1249 quorum
974 1171 1128 1230 auctores
1157 1187 1175 1229 e
1204 1165 1401 1231 calamitate

224 1280 370 1367 quadam
394 1303 429 1346 se
465 1280 719 1368 expediverant.
767 1281 950 1370 Cypselus,
979 1303 1079 1366 quem
1108 1279 1151 1346 ad
1173 1287 1317 1347 mortem
1340 1303 1401 1346 ex·

222 1397 373 1484 positum
407 1397 537 1463 servari
570 1404 690 1463 notum
725 1402 790 1482 est,
826 1396 970 1483 Delphis
1006 1396 1160 1462 condidit
1188 1397 1402 1483 thesaurum,

222 1513 283 1580 ubi
306 1513 408 1578 simul
440 1514 619 1580 collocavit
645 1513 793 1599 palmam
820 1507 1026 1592 aheneam3).
1074 1512 1131 1578 Ad
1154 1513 1298 1578 eandem
1321 1537 1401 1579 cau·

223 1651 295 1695 sam
317 1628 514 1695 referuntur
536 1629 628 1694 Iovis
653 1625 800 1712 statua4)
824 1635 859 1694 et
890 1629 1062 1695 cista'illa
1083 1625 1296 1713 notissima⁵)
1313 1651 1402 1714 quae
1476 1703 1479 1708 ,

223 1745 518 1832 conspiciebantur
541 1745 721 1832 Olympiae
744 1745 782 1810 in
797 1746 938 1811 iunonis
962 1745 1100 1831 templo.
1141 1745 1399 1832 Themistocles,

223 1883 324 1949 quem
347 1861 460 1947 speeie
494 1885 555 1950 per
590 1883 745 1928 somnum
780 1862 893 1928 oblata
919 1867 1029 1927 mater
1057 1861 1197 1926 deorum
1220 1867 1402 1927 monuerat

221 1985 261 2044 ut
295 1978 432 2044 sicarios
468 1984 612 2062 caveret,
648 1977 846 2064 Magnesiae
881 1958 1035 2044 condidit
1070 1977 1152 2043 deae
1185 1972 1399 2064 templuml).

222 2095 291 2160 Hic
325 2093 466 2160 donaria
499 2093 794 2180 peregrinantium
829 2099 1150 2190 commemorentur,
1187 2094 1247 2180 qui
1275 2094 1401 2160 itinere

222 2210 310 2276 bene
344 2209 435 2276 facto
469 2209 598 2296 gratias
634 2209 699 2274 diis
733 2209 859 2276 referre
895 2210 1058 2276 solebant.
1105 2210 1256 2276 Donaria
1283 2215 1400 2275 autem

224 2334 314 2424 sunt⁸
333 2327 438 2413 pedes
473 2326 608 2392 tabulae
631 2348 837 2392 marmoreae
860 2315 1029 2414 impressi,
1054 2327 1114 2412 qui
1136 2348 1243 2412 usque
1267 2325 1310 2392 ad
1333 2325 1400 2394 hoc

223 2449 357 2529 tempus
389 2442 519 2508 duobus
547 2441 647 2508 modo
672 2442 766 2527 locis,
790 2437 925 2522 Lesbil)
950 2449 986 2508 et
1008 2443 1087 2508 Deli
1095 2437 1131 2528 8),
1155 2441 1283 2528 reperti
1307 2449 1397 2509 sunt.

110 2613 112 2618 .
223 2558 380 2624 Eandem
403 2558 594 2624 habuerunt
618 2580 753 2623 causam
780 2557 884 2644 pedes
913 2558 1093 2624 marmorei
1117 2559 1176 2644 qui
1200 2558 1342 2624 calceati
1366 2565 1402 2624 et

224 2675 394 2761 anguibus
418 2675 539 2740 aliisve
561 2673 661 2739 rebus
685 2673 843 2760 impediti
867 2669 988 2757 sunt9).

331 2811 426 2875 Haec
450 2814 530 2874 suut
554 2809 584 2874 si
607 2831 676 2874 non
700 2809 822 2894 omnia,
847 2813 883 2874 at
905 2808 1053 2895 plurima
1076 2809 1301 2894 anathemata,
1319 2831 1401 2895 quo·

224 2949 300 2992 rum
324 2933 477 2991 auctores
501 2948 519 2990 e
543 2926 736 2991 calamitate
760 2924 905 3010 quadam
929 2947 964 2990 se
988 2924 1243 3011 expediverant.

334 3059 579 3126 Continuemus
604 3057 753 3144 donaria,
777 3081 862 3144 quae
886 3081 1021 3124 causam
1043 3058 1171 3123 habent
1195 3081 1290 3124 casus
1306 3058 1402 3126 vitae

225 3177 392 3242 humanae
415 3176 538 3242 varios.
584 3175 731 3240 Restant
754 3174 932 3240 venandi
955 3197 1017 3240 res
1042 3181 1080 3240 et
1103 3174 1189 3240 ludi
1205 3176 1402 3261 gymnici.

225 3292 269 3359 111
305 3291 438 3358 casibus
472 3290 601 3357 duobus
631 3291 686 3356 his
722 3313 924 3378 quamquam
960 3291 1001 3356 de
1034 3291 1195 3380 periculis
1231 3291 1405 3359 evitandis

351 3683 451 3755 )Zeit.
471 3683 491 3738 f.
512 3687 581 3740 dest.
602 3683 657 3756 Gy.
678 3683 747 3739 1881
765 3701 793 3756 p.
815 3682 963 3739 167-170.

381 3774 417 3828 of.
437 3774 610 3846 Harpocrat.
629 3792 658 3829 v·
678 3765 858 3826 ἀποστασίου.

335 3685 350 3739 1

334 3776 362 3842 2)

333 3860 362 3933 3)
381 3863 487 3918 Herod.
500 3865 523 3933 Ι,
539 3864 584 3932 14;
595 3864 681 3917 Paus.
694 3862 732 3934 X,
747 3864 788 3932 13,
798 3863 823 3918 3.
835 3863 866 3933 43
877 3863 954 3916 Plut.
965 3860 1078 3919 conviv.
1089 3862 1138 3934 215
1152 3861 1240 3935 Pyth.
1252 3881 1291 3920 or.
1304 3862 1345 3918 12.
1358 3863 1402 3922 13.

333 3952 363 4021 4)
382 3953 468 4008 Paua.
487 3951 538 4020 IV,
559 3953 600 4022 13,
621 3954 648 4024 1;
668 3953 702 4023 V,
721 3954 746 4024 2,
764 3954 794 4024 4;
813 3952 918 4007 Mulier
936 3951 972 4006 fr.
991 3951 1059 4009 hist.
1079 3971 1123 4024 gr.
1143 3953 1194 4024 IV,
1213 3953 1274 4008 288.

333 4040 362 4114 ὅ)
381 4043 468 4097 Paua.
487 4041 522 4111 V,
544 4044 585 4112 17,
604 4043 629 4096 2.

381 4133 459 4186 Plut.
478 4131 577 4188 Them.
598 4132 640 4186 30.

334 4130 362 4291 ll
383 4220 485 4291 Oonze,
504 4219 591 4276 Reise
610 4222 663 4275 auf
679 4219 729 4276 der
747 4220 825 4277 Inscl
844 4219 953 4276 Lesbos
971 4239 998 4292 p.
1017 4221 1131 4277 31-34.

333 4310 362 4380 8)
382 4311 457 4366 Bull.
476 4308 518 4366 VI
535 4330 563 4383 p.
582 4311 634 4366 327
653 4330 681 4367 n.
701 4312 748 4382 21;
767 4329 794 4383 p.
811 4311 864 4366 336
882 4329 911 4365 n.
930 4311 973 4366 37.

334 4399 363 4474 9>
383 4399 426 4454 Of.
446 4401 535 4470 Jahn,
554 4399 673 4455 Sitzber.
694 4399 791 4458 Stohs.
811 4400 876 4455 Ges.
898 4399 967 4456 1855
984 4418 1011 4471 p.
1032 4401 1084 4456 103
1102 4401 1167 4457 adn.
1186 4399 1247 4457 310.
