3188 4962
704 464 923 548 -107,

337 675 363 739 1.
395 675 510 740 Primo
527 675 779 740 consideremus
795 677 868 742 loco
885 701 924 744 ea
940 678 1211 764 anathemata,
1236 701 1398 764 quorum

227 798 410 856 auctores
434 813 452 855 e
482 792 714 857 calamitate
743 792 908 877 quadam
932 817 971 859 se
996 794 1297 881 expediverant.
1344 795 1411 882 En¹

227 906 327 971 huius
361 907 497 992 generis
533 908 695 994 exemplis
733 907 896 974 donaria
930 909 978 974 ad
1013 910 1119 975 bella
1152 911 1252 976 bene
1284 917 1399 997 gesta

227 1023 480 1109 pertinentia
514 1021 676 1088 videntur
709 1024 796 1089 mihi
826 1047 899 1089 esse
922 1027 1023 1112 longe
1046 1027 1264 1111 gravissima,
1304 1028 1398 1093 Haec

227 1161 288 1225 pro
311 1146 504 1226 temporum
526 1139 659 1204 ratione
683 1140 830 1206 afferam.

333 1253 458 1340 Argivi
492 1261 527 1320 et
549 1257 730 1341 Polynices
759 1256 840 1340 dux,
865 1257 1062 1344 priusquam
1086 1259 1220 1324 Thebas
1243 1259 1397 1345 proficis·

227 1377 392 1454 curentur,
427 1371 465 1435 in
498 1372 625 1458 templo
659 1373 803 1457 quodam
826 1373 957 1458 Argivo
987 1380 1116 1439 statuas
1140 1374 1260 1438 Martis
1284 1358 1396 1440 Vene-

226 1487 341 1572 risque
365 1486 525 1552 dicuntur
552 1489 705 1575 posuisse
733 1490 843 1570 (Paus.
869 1490 913 1572 H,
939 1491 991 1573 25,
1019 1487 1061 1571 1).
1107 1491 1183 1556 Hoc
1207 1491 1398 1577 exemplum

226 1638 268 1647 -
293 1625 397 1687 aeque
420 1626 458 1668 ac
481 1604 548 1669 alia
572 1626 656 1689 quae
679 1611 797 1692 postea
821 1627 881 1670 suo
904 1607 977 1671 loco
1002 1606 1205 1671 enumerabo
1231 1643 1272 1651 —-
1297 1607 1397 1671 dissi-

225 1719 394 1784 mulanter
428 1719 566 1804 quidem
600 1720 673 1785 eius
708 1743 781 1785 esse
814 1722 935 1786 aetatis
970 1721 1120 1806 videtur,
1158 1744 1243 1806 quae
1272 1721 1396 1788 fabulis

226 1836 407 1922 obtegitur.
459 1834 501 1900 Id
532 1842 648 1900 tamen
682 1835 745 1901 hoc
779 1837 852 1902 loco
887 1837 1107 1902 inserendum
1141 1838 1261 1924 putavi
1297 1844 1331 1902 et
1357 1844 1397 1902 ut
1467 1845 1472 1855 ’

224 1952 343 2017 lectori
359 1951 548 2016 accuratius
565 1952 742 2036 quaerenti
758 1954 911 2040 exempla
928 1954 1084 2038 quamvis
1100 1953 1246 2040 plurima
1261 1960 1396 2041 praesto

226 2068 296 2133 sint
330 2073 364 2132 et
394 2066 484 2152 quod
511 2089 709 2154 persuasum
737 2068 823 2133 mihi
846 2069 963 2153 heheu,
988 2069 1025 2134 id
1048 2092 1156 2155 genus
1180 2069 1396 2135 anathemata

225 2206 264 2249 ea
287 2190 407 2268 aetate,
433 2205 517 2268 quae
541 2183 703 2249 historiae
727 2184 796 2249 fide
811 2185 1056 2272 comprobatur,
1074 2209 1146 2251 esse
1170 2185 1268 2250 facta.
1308 2187 1396 2251 Nam

225 2323 301 2365 cum
323 2305 467 2382 veterae,
491 2299 582 2364 unde
605 2300 773 2385 originem
788 2303 972 2366 multorum
988 2303 1192 2388 templorum
1209 2309 1395 2368 statuarum

223 2437 336 2481 rerum
360 2413 510 2480 cuiusvis
534 2415 668 2500 generis
694 2424 875 2512 sumerent,
901 2418 938 2482 in
961 2417 1092 2482 incerto
1117 2426 1240 2504 essent,
1268 2443 1309 2483 ex
1332 2420 1395 2483 hac

113 2581 115 2585 ,
223 2531 448 2630 ambiguitate
488 2531 536 2596 ita
572 2554 607 2596 se
640 2533 897 2619 expediverunt,
932 2540 971 2598 ut
1006 2540 1159 2600 auctores
1193 2542 1396 2622 usurparent

223 2648 395 2734 mythicae
429 2647 521 2712 illius
550 2649 670 2713 aetatis
694 2649 858 2714 homiues
905 2650 1024 2735 Neque
1048 2651 1184 2715 silentio
1208 2657 1391 2738 praetere0,
1468 2668 1471 2672 ’

222 2763 402 2829 anathema
424 2763 535 2850 primo
558 2765 630 2829 loco
655 2771 889 2829 enumeratum
911 2773 1074 2831 nontam
1098 2767 1141 2831 ad
1165 2767 1293 2831 bellum
1317 2789 1395 2831 con-

222 2879 349 2945 fectum
366 2903 467 2965 quam
484 2866 731 2946 conficiendum
746 2879 876 2945 referri.
917 2881 985 2946 Sed
1002 2905 1078 2946 cum
1093 2883 1159 2947 alio
1184 2883 1257 2947 loco
1282 2883 1396 2947 afferri

223 3018 293 3061 non
327 2996 473 3082 possint,
510 3001 549 3060 ut
577 2996 736 3081 arbitror,
760 2996 796 3061 id
819 3020 927 3082 genus
951 2997 1091 3062 donaria
1114 2997 1171 3063 hio
1194 3021 1394 3064 commemo-

224 3119 353 3177 rentur.

330 3230 437 3293 Dores
461 3227 617 3311 Achaeis,
652 3217 820 3315 imprimis
849 3228 1043 3314 Amyclaeis
1079 3230 1180 3294 victis
1215 3254 1320 3316 prope
1353 3230 1396 3294 ad

226 3344 381 3431 Spartam
405 3343 523 3408 fanum
546 3343 570 3408 J
572 3343 645 3408 ovis
674 3338 846 3428 Τροπαίου
869 3352 1050 3410 narrantur
1074 3341 1300 3432 condidisse¹)

331 3460 443 3525 Annis
468 3459 690 3525 743-7241.
717 3484 744 3525 e.
768 3461 874 3525 aetati
897 3461 1000 3547 primi
1022 3462 1105 3526 belli
1127 3462 1291 3526 Messenii
1315 3484 1394 3526 ana-

223 3575 374 3642 themata
408 3576 641 3641 attribuuntur
675 3576 767 3642 haec.
815 3577 967 3642 Victoria
1001 3577 1042 3642 ab
1071 3577 1204 3642 oraculo
1227 3577 1395 3663 Delphico

223 3692 266 3758 iis
291 3692 350 3777 qui
372 3692 501 3778 priores
525 3692 567 3757 ad
591 3693 615 3758 J
616 3693 689 3757 ovis
712 3693 902 3758 Ithomatae
927 3715 1018 3758 aram
1041 3693 1234 3778 posuissent
1257 3700 1395 3758 centum

223 3808 375 3896 tripodes
409 3809 585 3896 promissa,
621 3809 684 3874 hoc
719 3808 840 3874 fecisse
876 3809 1036 3874 dicuntur
1059 3815 1135 3873 astu
1159 3810 1349 3896 Spartiatae
1357 3805 1393 3891 2).
1474 3883 1476 3890 ,
1591 3843 1592 3850 1

223 3923 280 3990 Ad
303 3924 394 3989 idem
416 3924 544 3989 bellum
567 3925 647 3990 bere
671 3923 863 3990 confectum
886 3925 955 4008 alii,
978 3947 1119 3989 numero
1142 3931 1220 4010 tres,
1245 3925 1395 4011 tripodes

223 4041 265 4106 ab
289 4041 412 4106 iisdem
434 4040 591 4128 Apollini
614 4040 799 4126 Amyclaeo
828 4040 977 4106 dedicati
1004 4036 1218 4126 pertinent3).
1272 4041 1395 4108 Omnia

223 4179 309 4243 quae
332 4157 376 4223 ad
400 4157 633 4243 quaestionem
650 4156 692 4221 de
708 4156 817 4222 tribus
841 4155 894 4220 his
917 4156 1109 4242 tripodibus
1125 4157 1276 4222 habitam
1299 4181 1393 4244 spec-

333 4457 359 4530 1)
378 4460 464 4514 Paua.
483 4416 538 4529 ΙΙΙ,
559 4459 600 4528 12,
620 4459 645 4512 9.

331 4549 358 4616 2)
377 4550 463 4603 Paus.
482 4549 525 4606 IV
527 4589 533 4616 ,
554 4548 596 4615 12,
615 4547 693 4600 7-9.

331 4636 359 4708 3)
378 4638 464 4692 Paus.
484 4636 539 4706 ΠΙ,
561 4636 602 4704 18,
621 4636 651 4703 ὃς
671 4635 721 4706 IV,
741 4636 783 4705 14,
802 4637 827 4689 2.
