3188 4962
717 309 935 376 ...46-

240 529 299 588 aut
322 545 398 588 cum
421 545 561 589 munere
585 524 658 611 ipso
666 519 692 608 1)
715 529 774 590 aut
798 547 873 590 curn
897 525 970 590 deis
994 526 1053 611 qui
1080 527 1151 591 sint
1173 525 1270 613 quasi
1292 548 1416 592 mune-

239 639 287 704 ris
309 635 513 726 praesides2)
537 647 628 705 arcte
653 641 851 707 cohaesisse.
897 641 1130 728 Excipiendae
1154 665 1227 708 esse
1249 642 1417 708 videntur

240 755 420 842 Cupidinis
445 761 585 842 statuae,
610 779 693 842 quas
717 763 752 821 et
775 756 937 823 Sardibus
962 763 996 822 et
1020 758 1190 844 Sagalassi
1214 758 1414 824 invenimus

239 869 422 936 dedicatas.
472 870 564 948 Quae
587 872 674 937 ratio
698 872 789 937 inter
811 872 872 937 has
901 879 1030 939 statuas
1055 880 1088 938 et
1112 874 1274 940 aedilium
1297 874 1415 940 officia

240 986 313 1051 sive
337 985 418 1051 deos
440 986 612 1072 praesides
636 987 878 1073 intercesserit,
902 990 1076 1074 exquirere
1099 1013 1168 1056 non
1191 1013 1338 1076 possum.

346 1103 521 1166 Hactenus
546 1102 588 1167 de
611 1103 872 1188 magistratuum
896 1104 1056 1171 donariis.

344 1218 418 1282 Iam
442 1240 522 1284 vero
546 1218 776 1306 anathemata,
807 1204 959 1306 quae'ad
980 1221 1076 1287 varia
1097 1220 1274 1287 hominum
1297 1221 1414 1288 studia

238 1333 423 1420 pertinent,
447 1317 710 1400 commemoratu
733 1334 938 1422 dignissima
960 1360 979 1401 a
1002 1360 1056 1402 me
1079 1337 1181 1403 allata
1205 1361 1277 1404 esse
1301 1360 1409 1424 spero

346 1485 376 1550 3.
422 1485 466 1550 In
488 1486 591 1552 tertia
606 1485 669 1552 hac
684 1493 780 1573 parte
796 1511 835 1552 ea
851 1488 1090 1554 contineantur
1106 1489 1286 1575 donaria,
1311 1513 1412 1574 quae

241 1623 397 1665 causam
420 1599 572 1666 habent
596 1625 709 1668 casus
736 1603 846 1669 vitae
874 1604 1068 1670 humanae
1091 1606 1237 1672 varios.
1295 1607 1411 1692 Atque

239 1716 367 1803 incipio
391 1717 433 1782 ab
457 1717 741 1805 anathematis,
776 1743 939 1805 quorum
974 1727 1157 1787 auctores
1194 1745 1212 1786 e
1248 1723 1411 1788 calami·

239 1838 324 1898 tate
362 1833 528 1918 quadarn
567 1857 607 1899 se
647 1835 948 1921 expediverant.
1014 1839 1069 1903 Ex
1122 1837 1223 1904 huius
1273 1839 1411 1924 generis

239 1949 402 2036 exemplis
438 1949 604 2015 donaria
637 1950 685 2016 ad
719 1950 825 2016 bella
852 1954 1108 2038 pertinentia
1134 1955 1243 2042 primo
1271 1954 1411 2019 aderam

238 2065 320 2131 loce.
379 2066 543 2131 Hercules
571 2067 780 2155 Hippocrate
808 2067 956 2155 filiisque
993 2071 1095 2136 victis
1125 2071 1264 2156 Spartae
1293 2071 1413 2136 fanum

238 2181 414 2248 Minervae
433 2172 682 2264 Ἀξιοποίναςθ)
706 2189 741 2248 et
769 2185 911 2250 Iunonis
934 2176 1179 2272 Alyocpu'yoffl),
1225 2186 1326 2252 Elide
1352 2209 1410 2252 ex-

237 2305 390 2385 pugnata
405 2299 442 2363 in
457 2297 624 2364 Arcadiae
646 2300 730 2364 urbe
746 2300 891 2384 quadam
913 2301 1031 2368 fanum
1046 2301 1217 2389 Apollinis
1241 2294 1410 2384 Πυθίουῧ)

238 2415 430 2480 condidisse
454 2414 589 2482 dicitur.
648 2415 739 2493 Quin
767 2417 870 2481 etiam
898 2419 1053 2506 Dryopes
1081 2420 1172 2506 ipsos
1195 2418 1410 2504 Phylamque

237 2553 354 2616 regem
402 2529 512 2596 victos
561 2530 716 2617 Apollini
754 2555 966 2598 consecrasse
1004 2530 1204 2622 Delphiccl)
1243 2542 1410 2603 narratur.

237 2646 358 2732 Abiae,
381 2646 479 2732 Hylli
495 2647 631 2732 nutrici,
649 2645 767 2712 fanum
783 2649 951 2735 Herculia,
976 2650 1066 2736 quod
1082 2657 1154 2716 erat
1168 2651 1243 2716 Irae
1251 2645 1287 2735 ⁷),
1311 2651 1408 2738 attri-

236 2762 362 2828 buitur.
398 2761 455 2828 Ad
471 2761 648 2847 Theseum,
673 2770 853 2850 postquam
876 2764 962 2830 vicit
981 2765 1207 2852 Asterionem,
1232 2769 1407 2854 templum,

238 2877 329 2966 quod
352 2886 424 2945 erat
448 2878 646 2964 Troezenes,
670 2881 801 2946 Dianae
818 2875 1025 2968 Σωτείραςθ),
1049 2883 1093 2948 ad
1112 2883 1302 2949 Amazones
1325 2883 1408 2949 Dia-

237 3017 301 3060 nae
338 2983 550 3079 Ἀστρατείας
592 3003 625 3061 et
658 2996 830 3084 Apollinis
863 2976 1059 3078 Ἀμαξονίου
1094 2994 1257 3083 statuae⁹)
1302 3000 1409 3065 Laco-

236 3111 314 3176 niae
329 3111 403 3177 loco
420 3111 566 3196 quodam
581 3112 712 3199 positae
727 3113 930 3181 referuntur.
966 3113 1152 3201 Hecubam,
1175 3122 1214 3181 ut
1238 3115 1410 3181 excidium

237 3223 359 3292 Troiae
382 3227 615 3314 impediretur,
639 3229 816 3296 Minervae
837 3231 1118 3318 pretiosissimam
1135 3254 1153 3296 e
1169 3232 1321 3298 vestibus
1338 3231 1409 3297 suis

236 3459 449 3470 --——--...-..

345 3584 372 3652 1)
391 3583 525 3655 Exempli
544 3583 639 3656 gratia
666 3584 756 3640 affero
776 3591 903 3641 statuam
921 3586 1001 3642 illam
1019 3586 1157 3642 Mercurii
1174 3587 1312 3660 Pergami
1330 3586 1408 3642 dedi-

236 3677 344 3728 catam:
364 3691 451 3745 supra
468 3693 495 3745 p.
515 3673 550 3728 45
569 3675 634 3730 adn.
653 3675 679 3730 4.

343 3761 370 3834 2)
390 3763 470 3818 velut
497 3768 609 3818 statuas
633 3764 769 3820 Mercurii
796 3765 931 3837 Erythris
955 3772 984 3822 et
1009 3767 1167 3822 Troezenes
1186 3767 1344 3823 dedicatas:
1371 3767 1407 3822 cf.
