3188 4962
696 463 914 529 „12-

223 671 348 760 cheri1)
371 677 466 742 illam
488 678 803 765 praeclarissimam.
843 678 885 744 Id
899 677 999 744 modo
1022 684 1148 764 repeto,
1172 678 1209 744 in
1229 677 1389 743 thesauro

222 791 327 858 fuisse
352 795 521 880 sculptum
544 795 727 860 Herculem
763 818 839 860 oum
862 794 1012 860 Acheloo
1047 800 1272 880 pugnantem,
1302 793 1391 878 quod

222 931 305 996 opus
328 911 461 975 Dontae
485 910 746 976 adscribendum
771 933 843 976 esse
867 910 983 976 docuit
1005 911 1202 976 Pausaniae.

327 1027 423 1091 Inter
451 1049 563 1092 ,annos
587 1027 706 1091 510-
720 1027 785 1091 505
821 1027 985 1113 quadriga
1009 1027 1150 1110 ahenea,
1180 1026 1276 1091 cuius
1298 1024 1391 1091 basis

221 1141 322 1207 titulo
346 1141 501 1229 praedita
534 1148 668 1230 reperta
704 1149 769 1227 est,
793 1144 830 1208 in
853 1143 1117 1208 Atheniensium
1141 1165 1217 1208 arce
1240 1142 1391 1208 Boeotiis

221 1264 257 1322 et
292 1255 573 1342 Chalcidensibus
605 1258 708 1324 victis
744 1265 796 1324 est
831 1255 1018 1340 dedicata2)
1074 1259 1206 1324 Eodem
1240 1265 1391 1346 tempore

220 1373 349 1440 ibidem
382 1373 612 1440 Athenienses
646 1375 796 1459 vincula,
845 1374 967 1460 quibus
1008 1375 1060 1440 illi
1095 1375 1248 1460 colligati
1284 1381 1389 1458 erant,

221 1489 438 1578 suspendisse
460 1485 663 1570 videntur3).

328 1603 548 1691 eoo-490⁴).
584 1608 778 1673 Phocenses
802 1607 946 1673 devictis
965 1607 1136 1671 Thessalis
1154 1606 1309 1693 Apollini
1333 1605 1390 1670 do·

219 1730 388 1789 naverunt
410 1725 576 1812 Delphico
605 1731 732 1790 statuas
762 1731 796 1789 et
819 1723 977 1790 Herculis
1001 1723 1240 1809 Apollinisque
1265 1721 1306 1786 de
1329 1722 1390 1787 tri·

220 1839 308 1926 pode
342 1841 545 1906 luctantium
581 1848 615 1906 et
649 1841 790 1905 heroum
815 1840 1075 1905 domesticorum
1110 1845 1144 1903 et
1177 1839 1390 1925 Daiphantae

220 1955 332 2022 Rhoei
355 1957 478 2022 ducum
503 1957 697 2042 Telliaeque
713 1958 812 2022 vatis.
850 1957 939 2022 Item
954 1961 1033 2042 post
1048 1955 1189 2020 eandem
1212 1954 1392 2020 victoriam

222 2072 287 2138 duo
324 2073 509 2160 clipeorum
543 2073 719 2138 hostilium
754 2073 849 2137 milia
871 2072 1033 2158 Delphos,
1057 2071 1202 2136 totidem
1225 2071 1392 2136 miserunt

219 2187 322 2255 Abas.
371 2189 464 2267 Quae
499 2189 714 2254 anathemata
747 2211 816 2253 non
845 2187 1004 2273 deinceps
1032 2209 1100 2252 uno
1124 2187 1286 2272 leguntur
1308 2187 1390 2270 loco,

221 2305 314 2370 sede
331 2305 447 2370 multis
464 2306 546 2370 locis
564 2311 643 2370 sunt
659 2305 790 2370 collata.
826 2305 909 2370 Loci
926 2309 1039 2368 autem
1056 2302 1276 2367 sunt'Herod.
1294 2303 1389 2386 VIII,

221 2421 277 2504 27;
301 2421 400 2486 Paua
426 2423 471 2505 X,
499 2422 526 2505 1,
551 2423 583 2486 8.
610 2421 664 2504 103
693 2423 743 2506 13,
767 2422 798 2505 6,
823 2422 852 2485 7.
899 2420 1049 2504 Bellum,
1079 2419 1121 2483 de
1150 2441 1215 2503 quo
1238 2419 1294 2482 hio
1318 2418 1389 2503 agi-

219 2543 284 2620 tur,
310 2559 386 2601 eum
408 2538 449 2602 Ε.
474 2532 612 2622 dey5)
637 2559 758 2622 sequor
773 2542 953 2619 auctorem,
971 2535 1062 2599 idem
1087 2557 1159 2599 esse
1181 2539 1274 2620 puto,
1301 2532 1390 2618 quod

220 2675 240 2717 a
262 2653 432 2718 Pausania
460 2653 525 2718 alio
553 2647 660 2732 10006)
689 2657 979 2717 commemoratur.
1025 2651 1093 2715 Hic
1117 2653 1209 2714 enim
1233 2649 1274 2713 de
1297 2649 1390 2713 Iovis

221 2775 331 2833 statua
355 2769 561 2834 aThessalis
577 2769 804 2833 Phocensium
827 2767 1014 2832 victoribus
1036 2767 1213 2852 Olympiae
1237 2765 1392 2830 dedicata

221 2885 343 2970 agitur.
402 2885 530 2964 Quidni
564 2885 602 2949 in
637 2885 695 2950 illo
730 2884 818 2949 bello
853 2884 957 2948 semel
989 2882 1145 2948 Thessali
1180 2880 1391 2946 commodum

222 3001 391 3086 quoddam
415 3002 480 3067 sibi
503 3005 689 3088 potuerunt
712 3000 924 3087 comparare?

328 3141 354 3182 o.
380 3118 455 3183 500.
502 3118 637 3182 Incolae
654 3117 857 3183 Chersonesi
873 3115 1056 3183 Thracioae
1072 3120 1106 3179 et
1122 3113 1296 3178 Miltiades
1312 3112 1391 3196 dux,

221 3232 344 3319 oppido
380 3233 526 3319 quodam
561 3239 770 3320 expugnato,
794 3231 995 3297 Amaltheae
1024 3230 1114 3316 quod
1138 3229 1263 3294 dicitur
1286 3250 1390 3294 cornu

221 3347 431 3436 Olympiam,
455 3349 516 3414 ubi
538 3343 755 3428 Pausanias⁷)
780 3348 817 3412 in
841 3347 1078 3434 Sicyoniorum
1101 3347 1258 3411 thesauro
1282 3344 1318 3409 id
1340 3344 1391 3409 vi-

223 3463 313 3529 disse
337 3488 372 3530 se
397 3465 583 3549 contendit,
608 3465 783 3530 miserunt.

328 3581 532 3646 Accedimus
562 3581 604 3646 ad
626 3581 792 3646 bellorum
814 3580 1027 3644 Persicorum
1050 3584 1206 3663 aetatem,
1231 3577 1273 3643 de
1297 3576 1392 3643 cuius

222 3697 371 3763 donariis
407 3697 625 3764 conferantur
661 3719 746 3782 quae
780 3697 820 3760 E.
847 3695 984 3761 Curtius
992 3690 1018 3779 8)
1058 3693 1256 3760 multisante
1292 3691 1391 3758 annis

146 3818 149 3823 ’
222 3813 392 3880 disseruit.

378 4098 486 4153 Herod.
505 4098 541 4166 V,
560 4098 608 4166 773
628 4096 658 4151 0.
677 4095 706 4150 J.
726 4094 761 4149 A.
780 4095 803 4164 I,
822 4093 882 4150 334.

377 4187 484 4332 {didi
503 4186 585 4344 171111,
605 4276 652 4344 27;
671 4273 710 4328 M.
729 4274 874 4342 Duncker,
894 4273 997 4328 Gesch.
1018 4274 1043 4328 d.
1064 4273 1123 4328 Alt.
1142 4271 1205 4328 VIfi
1223 4292 1250 4345 p.
1269 4273 1330 4327 255.

378 4367 494 4422 Unters.
513 4384 537 4419 z.
557 4383 599 4436 gr.
619 4363 787 4435 Kfinstlerg.
808 4361 901 4433 (1883)
919 4381 946 4434 p.
966 4363 991 4418 5.
