3188 4962
714 325 930 391 „32..

343 543 374 608 2.
425 540 589 607 'Secundo
627 563 869 626 persequamur
906 542 980 607 loco
1014 541 1215 606 hominum
1250 545 1406 606 statuas

236 658 397 746 publice
420 658 522 724 locis
547 657 672 722 sacris
695 657 862 745 positas,
903 657 994 734 Quin
1009 658 1072 723 hae
1089 657 1229 723 Graecis
1244 655 1408 722 honorem

238 782 272 839 et
307 774 496 858 hominurn,
533 774 655 859 quibus
689 773 916 860 ponebantur,
953 780 987 839 et
1022 773 1175 858 deorum,
1204 773 1240 838 in
1264 795 1408 859 quorum

237 891 326 956 fanis
350 889 495 974 stabant,
527 912 596 954 una
630 890 810 976 complecti
843 889 1051 973 viderentur,
1075 911 1145 954 non
1169 889 1406 955 dubitaverim.

237 1008 286 1074 Ut
318 1011 431 1071 autem
464 1005 579 1069 verbis
614 1012 690 1070 utar
724 1006 815 1089 aliis,
852 1005 921 1070 illis
950 1006 1071 1072 statuis
1095 1005 1349 1072 honorariorum
1373 1012 1410 1069 et

237 1122 491 1187 anathematum
523 1121 770 1187 attribuebatur
799 1121 1003 1188 coniunctio.
1060 1122 1167 1187 Nobis
1196 1121 1333 1207 quidem
1355 1143 1408 1186 re-

238 1237 445 1304 centioribus
479 1235 562 1301 haec
598 1237 765 1324 displicet.
811 1239 930 1324 Neque
954 1239 1046 1304 enim
1069 1237 1237 1305 contraria
1260 1237 1326 1303 duo
1349 1237 1410 1302 illa

238 1377 312 1419 esse
328 1353 508 1419 coniuncta
518 1375 697 1440 possumus
714 1354 917 1418 existimare.
950 1355 998 1419 Et
1012 1354 1076 1419 hoc
1091 1355 1163 1420 loco
1180 1353 1408 1439 conferantur,

239 1492 324 1555 quae
347 1468 562 1534 Kuhnertius
590 1469 673 1534 loeis
701 1469 810 1535 libelli
837 1464 970 1552 modo¹)
994 1469 1123 1535 laudati
1151 1465 1314 1554 duobus2)
1339 1469 1408 1534 dis·

238 1585 354 1650 seruit.
411 1585 460 1649 Hi
494 1585 561 1650 loci
595 1586 686 1651 inter
731 1607 767 1650 se
802 1585 1019 1651 dissentiunt.
1075 1588 1152 1651 Mea
1189 1587 1297 1673 igitur
1331 1609 1408 1650 sen·

237 1701 356 1786 tentia,
389 1708 428 1765 ut
459 1707 624 1788 repetam,
661 1709 713 1766 est
736 1702 875 1768 Graecis
912 1702 1089 1767 hominum
1116 1709 1245 1767 statuas
1273 1703 1409 1789 publice

237 1817 320 1882 locis
345 1817 448 1882 sacris
464 1817 591 1903 positas
616 1818 806 1903 complexas
830 1839 903 1882 esse
926 1841 994 1882 una
1009 1817 1170 1883 honorem
1194 1825 1228 1882 et
1251 1818 1408 1883 divinum

238 1940 273 1997 et
295 1932 490 1998 humanum.
536 1934 702 2019 Exempla
732 1933 774 1998 ad
802 1933 974 1999 afferenda
996 1956 1087 1999 nuno
1111 1934 1243 2000 accedo.
1289 1935 1408 2019 Neque

237 2056 351 2114 autem
376 2049 459 2135 quin
487 2050 671 2135 compluria
698 2048 739 2113 ab
769 2043 876 2130 aliis³)
900 2058 1096 2115 enumerata
1122 2057 1274 2138 repetam
1296 2050 1408 2115 facere

236 2187 385 2251 possum.
425 2164 504 2230 Alia
520 2165 594 2252 ipse
610 2187 719 2252 supra,
744 2165 863 2230 ubido
886 2165 1112 2231 anathematis
1136 2165 1179 2231 ad
1201 2167 1290 2232 bella
1313 2189 1408 2253 spec-

237 2281 391 2346 tantibus
426 2281 553 2367 agitur,
581 2281 728 2347 laudavi.
775 2282 1018 2348 Vetustissima
1050 2283 1204 2369 exempla
1232 2319 1273 2327 —
1301 2289 1340 2347 ut
1369 2283 1411 2347 de

237 2397 360 2462 statuis
385 2392 563 2483 Cylonis4)
587 2404 621 2462 et
645 2398 780 2463 Cleobis
801 2393 1038 2484 Bitonisquel)
1061 2405 1191 2464 taceam
1209 2434 1248 2445 -
1268 2398 1411 2484 quinto

238 2535 266 2578 a.
293 2513 371 2578 Chr.
397 2514 528 2579 saeculo
552 2513 769 2580 attribuenda
792 2521 881 2579 sunt.
930 2515 1019 2580 Sunt
1042 2522 1174 2580 statuae
1197 2514 1275 2579 hae:

451 2629 626 2695 Athenis
650 2625 872 2716 Xanthippifl)
896 2637 931 2695 et
953 2625 1204 2713 Phormionis⁷)
1229 2629 1362 2694 ducum.

450 2746 622 2832 Delphis
649 2746 865 2832 Daiphantae
893 2746 1005 2812 Rhesi
1039 2746 1206 2812 Miltiadis
1237 2745 1412 2830 Lysandri

209 2935 213 2946 Ι
319 2857 496 2945 aliorum⁸)
529 2861 662 2948 ducum,
694 2863 822 2928 Telliae
853 2862 956 2948 vatis,
990 2861 1154 2948 Scyllidis
1184 2861 1409 2948 Hydnaeque.

238 3075 451 3084 —------

345 3215 372 3288 1)
391 3235 418 3286 p.
437 3216 471 3271 31
491 3216 556 3271 adn.
577 3218 600 3272 1.

344 3321 372 3395 2)
391 3343 418 3395 p.
440 3324 505 3378 264:
535 3323 606 3394 „Die
629 3323 808 3396 Errichtung
834 3342 893 3380 von
917 3323 1038 3379 Statuen
1056 3325 1109 3379 hat
1128 3325 1182 3380 den
1201 3325 1410 3396 Hauptzweck,

237 3411 481 3468 immerw'ahrend
499 3431 537 3467 an
556 3412 601 3468 die
619 3413 790 3468 Verdienste
809 3415 859 3469 des
872 3414 1017 3469 Geehrten
1036 3433 1072 3468 zu
1091 3413 1242 3468 erinnem“
1263 3419 1292 3469 et
1305 3434 1332 3486 p.
1342 3415 1411 3468 279:

238 3501 309 3572 „Die
323 3501 432 3572 Statue,
451 3502 562 3557 welche
581 3502 659 3558 einer
678 3503 813 3558 Gottheit
831 3503 874 3556 als
886 3503 1033 3558 Anathem
1052 3503 1242 3575 dargebracht
1255 3503 1336 3572 wird‚
1355 3503 1411 3558 soll

237 3591 311 3646 doch
330 3590 360 3645 in
379 3591 535 3646 Wahrheit
553 3591 634 3646 nicht
653 3591 709 3646 den
727 3592 933 3664 dargestellten
960 3591 1131 3662 Menschen,
1162 3593 1286 3648 eundern
1313 3593 1411 3647 klarer

237 3681 335 3736 Weiss
353 3680 438 3735 allsin
458 3680 504 3735 die
523 3681 657 3736 Gottheit
676 3681 790 3739 ehren.“
843 3693 846 3696 “

344 3787 372 3859 3)
392 3789 429 3844 H.
448 3789 568 3858 Kohler,
596 3788 661 3843 Ges.
685 3789 765 3844 Sehr.
789 3790 831 3845 VI
849 3808 877 3861 p.
896 3790 1050 3860 308-3133
1080 3790 1217 3844 Kuhnert
1234 3789 1252 3844 l.
1272 3789 1291 3844 l.
1309 3807 1337 3860 p.
1356 3789 1411 3844 268

238 3883 267 3933 et
285 3879 374 4038 269·4)
394 3967 437 4023 of.
457 3967 594 4022 Kuhnert
612 3986 639 4039 p.
660 3969 721 4024 278.

345 4073 373 4144 5)
392 4074 542 4128 Dittschke
561 4073 592 4128 in
611 4074 681 4129 diar.
702 4075 805 4140 ..Arch
825 4075 915 4148 epigr.
929 4074 1027 4130 Mitth.
1046 4093 1098 4130 aus
1112 4075 1206 4132 Oest.“
1228 4077 1297 4130 1883
1316 4094 1342 4147 p.
1358 4077 1411 4132 153

238 4163 283 4218 bis
302 4164 366 4232 159;
386 4163 523 4217 Kuhnert
541 4182 568 4235 p.
587 4164 640 4218 279
659 4164 724 4219 adn.
743 4167 768 4222 2.

345 4269 373 4341 6)
392 4270 478 4325 Paus.
497 4271 520 4340 Ι,
539 4271 582 4340 25,
603 4272 626 4325 1.

345 4378 373 4450 7)
392 4381 480 4451 'supra
498 4397 524 4450 p.
546 4379 579 4432 19
598 4379 663 4436 adn.
684 4380 725 4435 10.

345 4485 373 4562 8)
392 4505 419 4559 p.
438 4487 473 4541 21
498 4487 563 4546 adn.
583 4489 608 4542 2.
