3188 4962
705 395 924 458 ..25...

227 604 408 688 omniaque
442 605 479 670 in
506 628 591 671 arce.
640 606 731 673 Satis
760 608 847 673 mihi
870 613 931 693 est,
955 606 1071 672 multis
1096 605 1227 691 statuis,
1253 628 1396 692 quarum

226 719 323 784 bases
350 720 461 785 titulis
469 715 492 800 1)
521 722 693 809 praeditae
721 731 875 810 repertae
903 730 997 808 sunt,
1022 723 1286 809 praetermissis,
1311 727 1401 787 attu-

227 834 308 900 lisse
331 859 423 900 aram
438 837 532 902 Iovis
555 838 649 904 illam
671 831 985 926 praeclarissimam,
1011 861 1112 925 quam
1136 838 1309 904 dicaverat
1331 839 1402 903 Eu·

227 973 344 1016 menes
377 953 427 1038 11,
463 959 497 1017 et
531 955 700 1040 porticum
735 956 776 1020 ab
804 955 922 1021 Attalo
955 956 992 1020 Π
1026 955 1102 1020 Iovi
1135 954 1400 1040 Minervaequae

228 1059 409 1152 Νικηφόρῳ
438 1078 676 1136 consecratam.
723 1073 800 1138 Uno
834 1071 979 1157 denique
1008 1069 1111 1150 verbo
1139 1092 1402 1136 commemorare

228 1182 314 1248 mihi
336 1184 450 1268 liceat,
475 1185 513 1250 in
535 1188 692 1274 Europae
716 1189 844 1253 Museis
868 1193 1012 1272 statuas,
1038 1209 1123 1272 quae
1151 1186 1224 1250 sine
1247 1187 1317 1251 ulla
1340 1185 1402 1251 du·

227 1298 394 1365 bitatione
426 1301 470 1368 ad
492 1303 593 1368 huius
617 1304 738 1369 aetatis
766 1327 867 1392 opera
890 1309 1034 1391 possunt
1056 1301 1182 1388 reduci,
1206 1297 1401 1382 inveniri2).

228 1413 343 1500 Atque
378 1416 464 1482 duae
497 1419 608 1506 gloria
642 1419 803 1486 fruuntur
837 1442 981 1485 summa:
1018 1419 1137 1484 Gallus
1159 1418 1317 1503 moriens,
1342 1418 1403 1503 qui

229 1538 323 1596 extat
350 1533 388 1598 in
415 1535 533 1600 Museo
562 1536 770 1623 Capitolin0,
800 1544 835 1602 et
862 1535 964 1601 Arria
992 1536 1198 1620 Pectusque,
1230 1535 1288 1619 qui
1312 1557 1402 1599 com-

228 1649 347 1734 plexus
376 1651 527 1716 cernitur
556 1653 594 1716 in
616 1653 709 1718 Villa
731 1653 905 1718 Ludovisi.
953 1652 1056 1716 Plura
1083 1651 1188 1716 verba
1211 1650 1253 1716 dc
1276 1651 1403 1736 Perga·

229 1786 404 1831 manorum
429 1767 578 1833 donariis
601 1791 671 1834 non
694 1769 826 1834 faciam.
1408 1845 1411 1854 ,

336 1883 411 1948 206.
451 1885 645 1950 Mantineae
669 1884 798 1950 incolae
814 1891 990 1970 tropaeum
1011 1887 1294 1948 consecraverunt
1309 1883 1401 1969 Nep·

228 1992 356 2081 tunoss).

338 2115 410 2179 146.
450 2115 634 2181 Mummius
652 2139 692 2180 ex
713 2115 924 2181 Achaeorum
949 2121 983 2180 et
1000 2113 1254 2181 Corinthiorum
1276 2113 1404 2200 praeda

229 2227 271 2292 ad
294 2231 461 2316 templum
484 2232 576 2297 Iovis
601 2233 774 2320 Olympici
798 2232 923 2319 clipeos
946 2229 1076 2318 viginti
1098 2226 1238 2314 unum4)
1262 2252 1403 2316 suspen-

229 2343 281 2410 dit
305 2352 339 2410 et
362 2346 456 2412 intus
481 2348 536 2412 dei
559 2344 737 2428 statuaml)
762 2348 944 2413 dedicavit.

335 2463 387 2527 31.
435 2464 649 2530 Postremum
684 2464 787 2529 affero
821 2464 1013 2550 exemplum
1036 2462 1180 2552 ¹Veneris
1211 2453 1403 2540 Συμμαχίας

230 2574 437 2665 templum6),
473 2580 562 2665 quod
585 2581 834 2662 Mantinenscs,
871 2580 955 2645 socii
978 2580 1223 2663 Romanorum,
1258 2577 1404 2643 victoria

230 2693 274 2759 ad
297 2694 436 2760 Actium
459 2703 556 2784 parta
579 2696 815 2762 condiderunt.

336 2812 511 2877 Hactenus
548 2811 589 2876 de
623 2811 849 2878 anathematis
885 2811 927 2876 ad
955 2811 1044 2876 bella
1073 2809 1315 2897 spectantibus.
1361 2809 1405 2873 In

230 2926 274 2991 iis
299 2929 538 2994 enumerandis
561 2952 615 2993 me
639 2951 708 2994 non
733 2951 809 2993 eum
826 2926 1059 2993 contenderim
1075 2925 1191 3010 fuisse,
1216 2926 1275 3010 qui
1290 2925 1405 2990 omnia

229 3043 450 3110 nominarem.
497 3045 617 3130 Neque
655 3044 747 3109 enim
782 3067 894 3109 meum
919 3043 1094 3130 expleturo
1118 3042 1316 3128 opusculum
1339 3041 1405 3106 erit

231 3158 383 3245 difficile,
407 3161 464 3226 hic
488 3161 559 3225 illic
582 3162 747 3226 nonnulla
770 3161 970 3226 intercalare
994 3159 1157 3245 exempla.
1199 3158 1404 3224 sedarum

231 3297 316 3360 quae
351 3277 492 3342 maximi
527 3283 607 3342 sunt
646 3277 823 3361 momenti,
864 3299 934 3342 non
972 3297 1026 3340 me
1060 3276 1167 3340 ullum
1176 3269 1200 3357 7)
1241 3273 1405 3360 effugisse

231 3392 401 3457 existimo
448 3393 684 3480 Respiciamus
713 3416 804 3458 nunc
832 3392 875 3457 ad
899 3393 1052 3478 exempla
1076 3396 1281 3455 enumerata.
1328 3391 1403 3454 Mos

230 3515 308 3594 post
330 3509 496 3594 proelium
513 3509 669 3596 quodque
684 3509 831 3574 feliciter
845 3514 1019 3594 peractum
1036 3506 1098 3572 deo
1115 3505 1249 3572 cuidam
1272 3504 1404 3592 aliquid

342 3757 369 3830 1)
389 3757 433 3812 Of.
453 3758 486 3812 L.
505 3776 532 3812 2.
553 3757 678 3826 Urlichs,
697 3757 939 3828 Pergamenische
957 3754 1134 3810 Iuschriften
1156 3754 1302 3826 (Wuerzb.
1315 3751 1404 3825 1883).

338 3846 367 3918 2)
388 3847 432 3902 Of.
451 3847 561 3914 Brunn,
590 3847 688 3901 annali
708 3848 778 3902 1870
795 3867 821 3919 p.
841 3849 894 3901 292
913 3864 976 3917 sqq;
1006 3845 1038 3900 0.
1058 3845 1215 3915 Benndorf,
1234 3843 1370 3898 Mitthcil.
1390 3844 1405 3897 I

231 3956 258 4008 p
279 3938 428 3992 167-171.

387 4025 630 4095 PausVIH,10

339 4027 681 4187 iiv,1i‚.”⁸5

341 4205 529 4276 auara

341 4293 559 4366 arurae

341 4385 369 4456 7)
388 4385 525 4457 Exceptis
556 4384 750 4439 anathematis
782 4382 941 4452 nonnullis,
972 4383 1075 4454 quibus
1106 4387 1214 4436 certam
1244 4379 1406 4435 adscribere

238 4479 363 4530 aetatem
382 4493 441 4529 non
459 4493 585 4547 possum.
622 4474 688 4529 Huc
707 4473 810 4542 refero,
829 4479 862 4527 ut
880 4491 938 4528 uno
957 4478 1024 4527 utar
1043 4471 1182 4542 exemplo,
1201 4471 1369 4526 thesaurum
1388 4489 1406 4524 a

236 4564 346 4621 Cnidiis
364 4565 485 4636 Delphis
504 4564 652 4620 conditum
671 4561 768 4634 (Paus.
788 4563 825 4631 X,
846 4563 887 4631 11,
906 4561 942 4631 5).
