3188 4962
675 311 892 378 ..47...

200 530 342 596 donasse
376 525 575 612 Homerus1)
611 536 663 595 est
697 529 805 595 testis.
852 530 1015 616 Laodice,
1049 530 1264 618 Agapenoris
1287 532 1367 620 filia,

200 645 287 712 bello
304 647 451 713 Troiano
475 646 638 731 confecto,
662 653 793 712 vestem
817 646 854 711 in
876 647 1052 714 Minervae
1071 637 1187 722 Ἀλέας
1209 647 1368 738 temp102)

199 761 395 850 deposuisse
419 762 536 828 fertur.
582 764 677 828 Haeo
700 763 814 828 omnia
838 765 991 851 exempla
1012 786 1215 850 quamquam
1239 767 1369 852 mythis

199 878 422 964 obteguntur,
457 885 572 944 tamen
600 887 635 944 et
663 902 704 943 ex
730 879 960 965 Anthologiae
991 880 1246 967 epigrammatis
1271 890 1305 948 et
1328 906 1369 948 ex

199 995 275 1060 aliis
298 993 450 1060 fontibus
478 1017 605 1060 morem
633 1002 709 1080 post
735 995 825 1061 bella
852 996 939 1062 bene
962 1002 1098 1083 peracta
1121 997 1251 1082 aliquid
1274 998 1368 1064 dedi-

200 1108 300 1174 candi
332 1109 475 1196 privatis
510 1110 616 1176 fuisse
649 1112 893 1197 cognoscimus.
953 1111 1051 1189 Quod
1079 1113 1204 1178 attinet
1231 1113 1275 1178 ad
1289 1095 1368 1200 epi-

198 1233 395 1311 grammata,
420 1227 566 1313 exempli
589 1228 700 1312 gratia
728 1228 804 1313 duo,
834 1251 919 1314 quae
942 1235 1060 1294 extant
1083 1229 1120 1294 in
1142 1228 1282 1295 Anthol.
1307 1231 1367 1316 VI,

200 1341 222 1406 2
244 1348 279 1406 et
301 1342 331 1425 9,
357 1343 511 1408 attulisse
536 1343 618 1407 satis
646 1343 732 1409 mihi
755 1350 817 1409 est.
875 1343 1011 1410 Accedo
1048 1344 1090 1409 ad
1118 1344 1257 1412 donaria
1291 1347 1368 1414 aliis

199 1456 350 1522 fontibus
385 1458 609 1546 comprobata.
668 1460 807 1526 Saeculo
830 1461 881 1527 VI
904 1483 932 1525 a.
958 1459 1036 1526 Chr.
1069 1468 1181 1530 ortum
1211 1468 1263 1527 est
1286 1486 1365 1530 ana-

199 1573 327 1660 thema,
364 1574 453 1660 quod
481 1575 549 1639 iam
579 1597 680 1663 supra
703 1576 989 1642 commemorandi
1019 1578 1149 1643 occasio
1176 1579 1263 1644 mihi
1291 1579 1370 1645 data
1390 1568 1492 1692 (pli,
1505 1564 1577 1686 ul)

198 1697 262 1756 est:
300 1691 464 1777 intellego
489 1697 635 1760 statuam
657 1692 847 1778 Hegelochi
873 1692 1096 1758 Atheniensis
1135 1695 1238 1760 illam.
1291 1697 1369 1762 Sae-

198 1807 273 1871 culo
289 1808 321 1873 V
345 1807 559 1872 attribuerim
583 1814 738 1895 ectypon,
765 1809 854 1895 quod
868 1809 969 1875 homo
993 1809 1130 1895 quidam
1146 1809 1369 1877 Atheniensis

198 1920 372 1988 dedicavit
399 1922 610 2010 Aesculapio.
672 1925 792 1990 Liceat
818 1925 905 1990 mihi
932 1925 1072 1991 titulum
1080 1921 1107 2009 3)
1130 1925 1231 1992 huius
1255 1928 1371 2014 ectypi

199 2035 334 2121 afferre,
371 2033 494 2112 σωθεὶς
517 2034 553 2102 ἐκ
576 2039 641 2100 τῶν
670 2035 826 2120 πολέμων
848 2035 905 2102 καὶ
934 2035 1115 2126 λετρωθεὶς
1146 2037 1196 2126 (ἐκ
1218 2043 1283 2102 τῶν
1307 2035 1369 2127 lli)

200 2147 288 2236 (0114),
316 2148 553 2238 ἐλευθερωθεὶς
581 2145 751 2242 ἀνέθηκεν.
799 2157 930 2222 Eodem
957 2158 1089 2224 saeculo
1114 2158 1238 2224 Callias
1261 2159 1369 2224 Athe-

197 2269 328 2334 niensis
363 2263 514 2358 Delphos
550 2273 782 2339 collocandum
816 2273 911 2338 misit
943 2297 1067 2359 equum
1101 2297 1324 2342 marmoreum
1332 2271 1368 2360 5),

198 2385 347 2471 Ctesylis
366 2387 531 2472 quaedam
547 2394 698 2474 pateram
714 2389 870 2476 Apollini
882 2389 1055 2457 dedicavit
1066 2385 1197 2470 Delioss)
1233 2391 1369 2477 Equum

197 2501 295 2567 illum
329 2503 372 2569 ad
399 2503 488 2568 bella
514 2505 653 2570 Persica
679 2504 800 2572 referri
823 2504 1008 2572 Pausanias
1032 2507 1190 2573 tradidit:
1227 2507 1369 2574 eandem

196 2618 364 2704 originem
399 2605 646 2688 uindioa'verim
680 2627 830 2708 paterae,
867 2645 951 2709 quae
984 2625 1164 2688 Persarum
1200 2624 1369 2710 capitibus

197 2741 318 2822 ectypo
343 2737 509 2821 expressis
534 2745 651 2804 ornata
675 2745 773 2804 esset.
820 2740 980 2804 Fortasse
1003 2745 1115 2804 statua
1139 2762 1271 2826 quoque
1294 2741 1369 2806 Dii·

196 2845 360 2935 trephis7)
396 2851 455 2916 illa
489 2853 757 2938 praeclarissima
791 2853 834 2918 ad
868 2877 941 2918 rem
981 2854 1150 2940 quandam
1184 2856 1368 2922 militarem

197 2971 310 3049 potest
332 2965 461 3033 referri.
497 2968 655 3054 Denique
678 2991 785 3034 unum
808 2969 911 3035 affero
928 2972 1129 3057 exemplum,
1155 2971 1246 3058 quod
1260 2974 1368 3040 multo

197 3081 379 3164 posteriori
393 3077 571 3170 temporiss)
602 3083 857 3150 attribuendum
872 3090 934 3151 est.
962 3083 1140 3174 Nioippe⁹)
1157 3087 1250 3154 enim
1266 3111 1367 3174 quae·

161 3177 167 3188 ”
197 3193 289 3280 dam,
324 3203 502 3284 postquam
524 3198 701 3285 Augustus
730 3200 773 3267 ad
799 3199 940 3268 Actium
967 3203 1068 3288 vicit,
1103 3203 1298 3270 Mantineae
1331 3205 1369 3270 in

195 3311 279 3376 urbe
302 3313 467 3380 Romanis
491 3315 581 3381 socia
604 3323 751 3382 statuam
775 3317 948 3384 dedicavit
970 3318 1114 3385 Veneris
1139 3313 1339 3399 Συμμαχίας.

304 3430 460 3498 Secundo
475 3431 613 3500 veniam
628 3433 703 3500 loco
727 3434 769 3500 ad
793 3433 970 3520 donaria,
996 3456 1160 3521 quorum
1183 3443 1366 3504 auctores

303 3751 382 3819 1)

301 3839 434 3911 2)Paus
454 3841 628 3914 VII153
648 3843 831 3915 cf.11„.17

300 3928 329 4000 3)
349 3931 427 3984 arch.
446 3931 516 3986 dier.
538 3933 651 4004 1877p.
672 3934 731 3987 152.

300 4020 329 4088 4)
350 4019 393 4073 Of
413 4021 562 4076 Demosth.
581 4041 608 4093 p.
628 4023 688 4092 394,
709 4024 743 4076 18
761 4022 948 4094 λελυτρῶσθαι
969 4023 1052 4076 ἐκτῶν
1072 4022 1158 4076 ἰδίων.

302 4107 329 4178 5)
349 4110 435 4163 Paus.
454 4111 491 4180 X,
511 4111 596 4181 18,1.

301 4196 328 4268 6)
347 4199 452 4256 Bullet.
433 4200 559 4272 tVIp.
582 4202 642 4256 152.

301 4288 329 4355 7)
347 4289 433 4346 Paus,
453 4290 476 4360 I,
496 4291 538 4360 23,
558 4291 635 4346 3.-
657 4291 700 4346 Of.
719 4292 892 4348 Kuhnertl
911 4293 929 4346 l.
948 4312 975 4364 p.
994 4295 1057 4348 277.

347 4331 507 4450 Diitrepliis
525 4385 622 4435 statua
640 4386 685 4436 est
703 4382 810 4436 saeculi
827 4383 862 4438 V.

300 4465 328 4537 9)
347 4468 433 4523 Paus.
453 4469 534 4540 VIII,
554 4471 579 4542 9,
600 4471 624 4525 6.
