3188 4962
678 911 911 1046 Vero.

736 1167 843 1176 --—

310 1309 419 1376 Natus
442 1330 514 1375 sum
537 1296 737 1375 I'rauciscus
759 1310 923 1376 Ziemauu
944 1309 994 1374 die
1010 1307 1146 1374 XXIII
1155 1329 1254 1374 meus.
1273 1307 1375 1373 Mart.

206 1425 300 1490 1860
322 1425 513 1510 Reqimouti
530 1429 627 1508 patre
643 1424 830 1507 Fraucisco,
855 1425 913 1507 qui
936 1423 1151 1508 compluribus
1175 1424 1276 1489 cuuis
1299 1427 1377 1489 aute

205 1542 310 1607 coito
334 1541 477 1621 decessit,
502 1545 605 1606 matre
628 1541 804 1607 Hearietta
831 1545 963 1625 eqeute
986 1540 1173 1620 Hermauu,
1199 1560 1298 1622 auam
1322 1540 1377 1604 ad·
1478 1590 1481 1596 ,

204 1657 265 1722 luc
288 1652 395 1722 aivam?
418 1657 491 1723 colo.
538 1655 635 1722 Fidei
658 1657 805 1723 addictus
831 1679 904 1723 sum
928 1656 1136 1740 eaouoelicae.
1184 1654 1249 1722 Sea
1273 1677 1379 1722 auuos

206 1777 310 1838 uatus
342 1773 552 1857 oymuasium
586 1773 655 1838 adii
688 1771 974 1840 Friedericiauum
1008 1772 1094 1854 quod
1128 1772 1204 1838 iude
1239 1793 1260 1838 a
1288 1792 1381 1838 uoua
1491 1824 1493 1828 ,

204 1909 309 1970 usque
343 1888 386 1953 ad
415 1888 559 1971 primam
592 1889 721 1956 classem
755 1889 972 1972 frequentavi.
1030 1888 1135 1954 Iuitio
1168 1889 1254 1954 aurii
1285 1887 1381 1952 1880

205 2003 246 2069 A.
271 2003 470 2069 Lebuerdtio
505 2005 659 2070 directore
692 2007 894 2072 maturitatis
917 2026 1054 2072 euameu
1077 2003 1204 2070 absolui.
1251 2004 1382 2069 Deiude

206 2119 245 2183 iu
268 2117 443 2184 Academia
462 2117 633 2185 Albertiua
651 2121 846 2206 philolooioe
869 2127 899 2188 et
922 2120 1161 2205 archaeoloaiae
1183 2119 1302 2184 studiis
1320 2141 1382 2202 per

207 2233 310 2299 decem
344 2236 509 2301 semestria
542 2235 688 2302 iucubui.
734 2237 975 2303 Prcsemiuarii
1004 2259 1066 2319 per
1094 2240 1265 2317 quattuor,
1289 2236 1381 2300 semi-

140 2374 143 2382 ·
205 2349 301 2414 uarii
318 2349 505 2435 philoloqici
526 2373 584 2434 per
608 2353 671 2418 duo
694 2353 860 2418 semestria
883 2353 936 2436 fui
959 2352 1086 2418 sodalis.
1134 2350 1217 2416 Item
1240 2349 1384 2433 iuterfui
1434 2383 1436 2387 ·

207 2465 494 2532 euercitatiouibus
518 2468 761 2554 orcbaeoloqicis
789 2469 827 2534 ab
851 2467 1070 2551 Hirschfeldio
1094 2467 1267 2532 iustitutis.
1314 2453 1389 2531 Do?

120 2610 124 2616 ·
207 2586 347 2647 cueruut
369 2603 419 2647 me
441 2583 507 2648 oiri
529 2583 742 2650 illustrissimi
766 2585 815 2650 bi:

367 2699 631 2764 Bezzenberoer,
651 2700 774 2764 Dehc'o,
789 2699 1054 2764 Puteolanorum,
1069 2697 1285 2761 Hirschfeld,
1299 2695 1384 2748 Jor-

369 2796 453 2861 duu,
475 2797 654 2863 Dudwtch,
676 2797 1054 2864 Quuebiclcer†‚1tc'thl,
1076 2796 1219 2860 Schucle,
1247 2794 1381 2848 Walter.

319 2910 443 2990 Quibus
467 2913 615 2978 omuibus
636 2915 763 2998 arcillos
787 2935 856 2998 aaa,
881 2913 1057 2996 praecipue
1083 2911 1227 2976 Gustaoo
1250 2890 1384 2974 Hirsch-

210 3021 328 3135 fellei
350 3027 497 3093 Artlucro
522 3031 688 3095 Luduicb.

666 3332 933 3360 ψ
