3188 4962
668 328 886 394 „35..

235 545 292 614 Ad
313 545 486 633 primum
509 567 537 610 a.
563 544 642 610 Chr.
667 545 838 610 saeculum
861 545 1036 632 pertinent
1058 544 1136 612 hae:

403 661 497 727 Deli
519 661 627 726 Iuliae
651 661 805 727 Caesaris
828 656 953 746 filiae¹)

404 777 574 864 Delphis
598 777 831 864 Nicopolitani
866 777 966 862 civis,
1003 775 1098 844 cuius
1133 799 1259 844 nomen
1293 799 1362 844 non

298 894 367 958 iam
391 888 525 973 extat2).

406 1009 617 1096 Olympiae
639 1009 678 1076 P.
702 1008 824 1095 Alphii
851 1004 992 1092 namu)
1015 1005 1198 1095 Auguste)
1223 987 1260 1076 c.
1286 1009 1363 1076 ser-

299 1125 376 1192 vilii
398 1120 552 1208 Vatiae⁵)
577 1125 616 1203 Q.
640 1124 832 1191 Anchariae
841 1119 865 1206 6)
888 1125 1027 1212 Polybii
1036 1119 1071 1209 ⁷)

405 1242 554 1326 Perges
576 1240 765 1307 Alexandri
788 1236 1001 1327 sophistae).

300 1359 475 1423 Hactenus
511 1357 553 1422 de
591 1357 713 1424 statuis
752 1365 832 1423 ante
867 1357 1041 1423 Christum
1078 1364 1197 1424 natum
1231 1357 1364 1444 positis.

195 1474 391 1560 Complures
426 1495 559 1560 quoque
592 1479 671 1560 post
694 1473 870 1538 Christum
892 1472 1024 1539 dicatae
1057 1479 1184 1539 extant.
1230 1473 1364 1540 Primo

193 1613 225 1677 p.
251 1590 329 1656 Chr.
354 1591 487 1656 saeculo
511 1595 639 1656 statuas
663 1589 878 1655 attribuerim
900 1587 975 1654 has:

408 1705 527 1771 Cnidi
551 1702 735 1771 sacerdotis
758 1701 964 1786 cuiusdam⁹)

407 1821 575 1908 Delphis
593 1821 747 1887 Marcelli
763 1815 1147 1905 Claudii²⁰)‚Andronici
1157 1817 1366 1903 Thessaliss).

408 1937 616 2025 Olympiae
639 1937 686 2003 M.
710 1937 861 2003 Maecilii
876 1932 1013 2024 Rufiffl),
1036 1936 1236 2005 Antimaohi
1258 1937 1366 2005 Athe-

300 2053 430 2118 niensis
438 2048 487 2138 1³),
513 2053 693 2140 Cleogenis
716 2048 898 2140 Argiv114).

239 2167 296 2234 Ad
319 2169 534 2236 secundum
558 2176 714 2256 spectant
737 2171 907 2236 saeculum
930 2169 1008 2236 hae:

407 2286 579 2353 Athenis
602 2286 765 2353 Trebellii
787 2286 868 2355 Rufi
876 2281 917 2371 15)
940 2293 975 2352 et
997 2281 1225 2383 Hadriani¹⁰).

408 2403 500 2469 Deli
524 2397 710 2484 Traianifl)
734 2410 769 2468 et
791 2398 1018 2486 Hadriani¹⁸).

195 2599 407 2607 ,ἡ

303 2721 330 2793 1)
350 2722 425 2782 Bull.
445 2723 486 2778 IV
503 2741 531 2794 p.
551 2723 603 2778 443
622 2742 650 2780 n.
670 2723 712 2777 26.

303 2810 330 2882 2)
350 2812 425 2866 Bull.
444 2813 487 2866 VI
505 2832 532 2883 p.
551 2813 605 2866 450
622 2831 650 2866 n.
669 2813 712 2866 80.

303 2899 331 2970 3)
350 2901 429 2955 Diar.
449 2901 527 2954 arch.
548 2902 663 2956 187811.
682 2901 726 2954 38.

303 2987 332 3058 4)
351 2990 369 3043 l.
388 2990 406 3043 l.
428 2990 496 3043 1877
516 3008 543 3046 n.
564 2989 607 3042 33.

304 3075 332 3146 5)
352 3079 422 3132 1878
440 3096 468 3132 n.
489 3079 548 3133 113.

305 3163 333 3234 6)
352 3184 379 3221 n.
404 3167 463 3220 114.

305 3253 333 3324 7)
354 3255 421 3308 1877
441 3273 469 3309 n.
491 3256 549 3312 101.

304 3343 333 3415 8)
351 3343 489 3399 Philostr.
507 3344 559 3400 vit.
578 3345 673 3417 Apoll.
693 3345 731 3417 11,
750 3346 775 3402 7.

303 3432 331 3504 9)
350 3433 445 3488 Lebas
463 3434 518 3504 III,
538 3434 615 3490 1572.

287 3520 332 3594 10)
351 3524 426 3578 Bull.
446 3524 489 3578 VI
509 3543 536 3596 p.
555 3524 609 3579 449
627 3544 655 3580 n.
675 3527 717 3581 78.

288 3614 334 3680 11)
352 3613 371 3666 l.
390 3614 408 3667 l.
427 3632 454 3684 p.
473 3614 527 3668 450
548 3634 576 3669 n.
595 3615 638 3670 81.

289 3699 333 3771 12)
352 3701 431 3757 Diar.
451 3704 528 3757 arch.
550 3705 619 3758 1879
637 3723 665 3762 n.
685 3706 745 3761 263.

289 3790 333 3859 13)
355 3791 424 3844 1878
441 3809 469 3844 n.
491 3793 549 3846 170.

185 3911 190 3922 ·
289 3877 334 3950 14)
353 3897 381 3932 n.
402 3879 461 3932 139.

289 3968 334 4040 15)
354 3966 385 4022 C.
404 3969 432 4025 J.
452 3968 487 4026 A.
507 3968 561 4040 III,
581 3971 596 4024 1
615 3988 644 4024 n.
663 3972 724 4042 623,
753 3971 803 4027 ubi
821 3977 854 4026 ut
878 3972 939 4028 eius
957 3979 1071 4030 statuae
1089 3974 1120 4028 in
1139 3974 1272 4030 omnibus
1291 3975 1370 4031 urbis

200 4057 314 4129 templis
332 4063 508 4130 ponerentur
526 4058 672 4115 decretum
691 4066 743 4116 est.
765 4107 769 4116 .

292 4147 336 4218 16)
355 4147 426 4201 Eius
445 4153 527 4202 erant
545 4148 585 4202 ibi
604 4154 717 4206 statuae
729 4151 898 4222 permultae,
921 4169 980 4206 una
991 4152 1022 4207 in
1034 4153 1220 4209 Parthenone
1239 4151 1337 4224 (Paus.
1347 4154 1371 4224 1,

201 4233 244 4303 24,
264 4235 299 4305 7),
318 4237 349 4290 in
367 4235 451 4293 Jovis
470 4235 598 4309 Olympii
616 4239 724 4310 templo
744 4247 856 4294 ceterae
887 4241 921 4309 (Ι,
941 4241 983 4310 18,
1002 4243 1032 4312 6;
1064 4241 1100 4296 cf.
1119 4241 1153 4297 E.
1172 4242 1317 4312 Kuhnert,
1337 4242 1372 4299 de

202 4341 271 4378 cura
288 4330 451 4380 statuarum
469 4319 546 4398 apud
565 4326 690 4382 Graecos
710 4329 779 4383 1883
796 4347 824 4400 p.
843 4329 900 4396 23).

291 4415 337 4483 17)
355 4416 431 4470 Bull.
450 4415 538 4487 le.
557 4416 610 4470 428
628 4435 657 4470 11.
676 4418 692 4470 7
711 4439 747 4463 =
765 4417 796 4473 C.
815 4418 845 4474 J.
865 4417 899 4473 0.
918 4419 997 4477 2178.

292 4505 336 4575 18)
354 4505 429 4561 Bull.
448 4505 499 4561 IV.
518 4524 545 4578 p.
564 4505 618 4560 429
636 4524 664 4561 n.
684 4507 709 4561 9.
730 4507 772 4562 10.
