3188 4962
718 457 916 521 ,7-

230 673 319 759 quod
341 673 519 759 Agasicles
553 673 663 738 victor
697 671 867 758 tripodem
901 672 939 736 in
973 673 1065 737 illius
1095 671 1151 738 dei
1179 675 1306 760 templo
1330 696 1400 740 non

229 796 395 876 posuerat,
420 789 564 853 eiectam
587 811 660 852 esse
685 809 785 852 esex
807 789 943 852 illarum
965 788 1101 854 urbium
1124 787 1259 854 foedere
1268 783 1303 871 1).

336 905 484 970 Thebis
508 927 580 968 mos
604 912 690 988 erat,
714 911 753 968 ut
776 904 805 966 is
828 925 921 989 puer,
946 903 1004 988 qui
1027 903 1302 990 Daphnephoriis
1325 906 1399 970 leu-

227 1043 321 1085 ream
345 1029 493 1106 carptam
508 1020 676 1084 referebat
696 1019 842 1103 domum,
859 1019 897 1083 in
912 1020 1083 1106 Apollinis
1106 1021 1249 1085 Ismenii
1271 1022 1399 1108 templo

228 1135 397 1222 tripodem
431 1159 570 1202 aureum
605 1135 786 1200 dedicaret.
834 1135 908 1211 Qua
943 1134 985 1199 de
1009 1157 1108 1200 causa
1131 1136 1300 1201 Pindarus
1312 1132 1339 1220 2)
1363 1137 1400 1202 id

229 1253 394 1338 templum
428 1253 625 1318 thesaurum
660 1273 837 1317 aureorum
871 1249 1045 1337 tripodum
1078 1251 1242 1316 nominat.
1296 1253 1399 1320 Illum

230 1374 342 1432 autem
365 1391 493 1454 morem
521 1369 589 1432 iam
613 1367 716 1432 aetati
744 1367 915 1451 mythioae
937 1367 1093 1452 usurpari
1117 1368 1282 1454 scriptum
1304 1367 1400 1434 vide-

229 1506 313 1548 mus.
352 1485 511 1549 Herculis
528 1485 619 1548 enim
642 1485 724 1566 loco,
750 1484 809 1569 qui
831 1482 935 1546 nimis
956 1482 1060 1546 fuerit
1083 1505 1176 1568 puer,
1194 1481 1412 1574 Amphitruo,

228 1605 325 1684 pater
348 1599 454 1664 fuisse
478 1600 604 1664 dicitur
627 1600 788 1664 dedicans
798 1594 834 1678 3).

272 1717 275 1724 ’
335 1717 428 1780 Deli
461 1717 499 1780 in
531 1716 642 1780 insula
677 1715 893 1781 anathemata
926 1713 1136 1800 temporibus
1161 1715 1262 1780 certis
1285 1738 1398 1781 recur-

228 1831 339 1895 rentia
369 1832 411 1896 ab
439 1831 635 1896 hominibus
658 1831 802 1916 privatis
832 1837 866 1894 et
890 1829 1086 1895 domesticis
1110 1835 1144 1894 et
1168 1831 1317 1896 externis
1342 1832 1399 1898 de·

230 1947 342 2011 dicata
376 1969 449 2012 esse
485 1947 652 2032 exemplis,
682 1948 889 2012 illustratum
912 1946 1023 2011 video.
1070 1947 1112 2010 In
1136 1945 1401 2014 domesticorum

228 2085 369 2127 numero
405 2063 552 2149 primum
586 2063 696 2128 refero
727 2062 919 2148 Ocyneidas
955 2068 990 2126 et
1028 2061 1240 2147 Thyestadas
1278 2063 1398 2147 tribus,

229 2200 313 2262 quae
352 2179 390 2242 in
423 2179 603 2264 Apollineo
641 2174 775 2258 unam4)
799 2185 858 2243 aut
897 2178 979 2243 duas
987 2173 1013 2260 5)
1047 2185 1181 2264 pateras
1217 2181 1400 2263 quotannis

227 2293 389 2358 videntur
421 2290 618 2381 posuisse6).
667 2295 760 2372 Quae
793 2303 908 2359 utrum
943 2294 1086 2358 donatae
1121 2294 1191 2358 sint
1221 2317 1264 2358 ex
1287 2296 1399 2360 usuris

228 2409 420 2475 donationis
456 2409 630 2475 cuiusdam
664 2411 860 2495 gentiliciae
884 2433 928 2474 an
955 2410 1100 2497 pecunia
1127 2431 1261 2497 semper
1289 2411 1399 2478 denuo

227 2527 358 2611 collata,
382 2549 453 2592 non
477 2533 619 2591 constat.
659 2527 852 2592 Ocnicienti
872 2525 967 2610 mihi,
991 2526 1201 2591 occasionem
1218 2527 1400 2594 dedicandi

225 2643 405 2707 fluxissee
441 2642 685 2707 consuetudine
719 2643 779 2706 illa
817 2643 997 2707 notissima
1029 2643 1226 2729 Apollinem
1261 2643 1400 2709 Delium

227 2758 429 2843 celebrandi,
452 2781 571 2823 verum
598 2757 689 2824 haud
712 2759 827 2842 procul
849 2758 986 2823 videtur
1009 2759 1134 2823 abesse.
1181 2758 1315 2823 Deinde
1339 2759 1395 2824 hic

228 2895 450 2938 commemoro
475 2869 642 2952 stesilea⁷)
667 2896 751 2958 quae
775 2880 940 2938 vocantur
961 2897 1051 2938 vasa.
1101 2873 1250 2950 Quorum
1273 2895 1399 2959 genera

229 2987 450 3053 discernenda
485 2996 565 3053 sunt
600 2988 679 3073 duc,
709 3011 786 3052 curn
814 2989 913 3053 modo
944 2989 1107 3054 Stesileus
1136 2990 1209 3075 ipse
1234 2988 1398 3055 dedicans

229 3103 422 3168 nominatur
445 3105 545 3169 modo
568 3127 637 3169 non
664 3104 867 3169 nominatur.
915 3105 952 3170 Si
976 3103 1141 3170 Stesileus
1164 3106 1238 3192 ipse
1262 3112 1314 3170 est
1339 3105 1397 3170 de·

229 3217 357 3303 dicanS,
380 3216 583 3300 interdum⁸)
607 3243 729 3285 munus
755 3221 826 3285 eius
850 3221 908 3306 qui
931 3220 1017 3286 illud
1039 3243 1099 3285 vas
1114 3221 1304 3308 hieropoeis
1328 3229 1397 3286 tra-

228 3335 317 3399 didit
341 3331 553 3417 (παρέδωκεν)
571 3337 768 3402 attribuitur
791 3337 925 3402 senatui
949 3333 1089 3420 (βουλῇ),
1125 3337 1166 3401 Id
1187 3337 1266 3422 quia
1291 3338 1397 3402 inter·

228 3450 309 3515 dum
331 3451 440 3537 modo,
464 3475 534 3518 non
557 3475 689 3540 semper
712 3461 825 3518 actum
849 3454 905 3538 sit,
929 3461 1024 3518 estne
1048 3453 1191 3517 mirum?
1214 3452 1271 3517 An
1295 3452 1399 3538 quid?

228 3567 392 3632 Stesileus
417 3569 446 3633 si
469 3592 528 3634 vas
554 3569 723 3654 quoddam
758 3569 946 3653 dedicabat,
971 3591 1073 3653 quare
1097 3591 1167 3633 non
1190 3569 1263 3655 ipse
1287 3568 1398 3634 hiero·

227 3683 321 3768 poeis
349 3685 481 3749 tradere
516 3686 665 3750 solebat?
710 3686 753 3750 ln
775 3685 863 3750 hanc
887 3685 1120 3771 quaestionem
1143 3691 1182 3750 ut
1206 3685 1396 3750 accuratius

336 3912 362 3982 1)
381 3913 487 3970 Herod.
507 3913 530 3982 Ι,
551 3914 609 3966 144.

333 4001 361 4070 2)
380 4003 468 4072 Pyth.
488 4003 541 4072 XI,
560 4003 591 4072 43
612 4003 773 4078 otHerod.
793 4003 827 4070 V,
847 4003 890 4056 59.

333 4089 361 4160 3)
381 4092 498 4145 Anthol.
513 4093 605 4145 Palat.
628 4092 678 4161 Vl,
698 4094 726 4162 63
746 4093 831 4145 Paus.
845 4093 898 4161 IX,
922 4093 963 4162 10,
981 4093 1006 4146 4.
1036 4090 1080 4144 Of.
1100 4089 1178 4146 (1.0.
1195 4090 1324 4158 Mueller,
1348 4089 1399 4144 Or-

230 4180 383 4235 chomenos
401 4200 428 4252 p.
448 4182 508 4235 397.

333 4269 362 4341 4)
381 4271 485 4325 Bullet.
504 4271 547 4326 VI
565 4288 591 4340 p.
611 4270 646 4324 35
664 4270 714 4324 lin.
734 4271 777 4325 37.
832 4270 833 4274 ’
