3188 4962
691 423 909 489 ..⁶28-

212 631 317 721 lum¹)
339 662 490 726 unquam
524 639 706 706 anathema
739 639 782 704 ob
816 638 899 704 belli
934 638 1144 704 occasionem
1180 638 1382 704 detumeat.

215 753 307 832 Quin
330 755 434 821 etiarn
457 761 550 821 extat
577 757 713 840 titulus,
743 755 780 820 in
809 777 875 841 quo
904 754 1047 821 victoria
1074 754 1271 820 nominatur
1294 745 1386 838 ἔργον

207 856 341 955 ’Ἀρηοςε
365 871 589 937 nihilominus
613 871 732 957 tripus,
757 871 799 936 de
824 894 889 958 quo
914 869 1038 956 agitur,
1059 869 1135 936 Iovi
1155 859 1351 953 Ἐλευθερίῳ
1359 866 1384 950 2)

212 991 436 1052 consecratur.
475 987 632 1074 Denique
656 987 832 1053 cuiusnam
855 988 991 1073 generis
1015 987 1144 1052 fuerint
1168 987 1384 1052 anathemata

211 1102 473 1168 consideremus
521 1103 749 1170 Occurrernnt
776 1103 875 1169 nobis
903 1125 957 1168 res
981 1110 1016 1168 et
1038 1102 1224 1168 vilissimae
1249 1109 1283 1167 et
1305 1125 1381 1189 pre·

213 1218 431 1284 tiosissimae:
466 1219 580 1306 clipei,
614 1219 753 1304 loricae,
787 1219 919 1305 galeae,
953 1241 1058 1303 arma,
1094 1225 1133 1283 ut
1168 1219 1382 1305 complectar,

214 1333 364 1400 cuiusvis
399 1334 539 1421 speciei,
572 1357 729 1421 coronae,
752 1335 913 1422 tripodes,
938 1334 1072 1400 tabulae
1095 1333 1216 1421 pictae,
1241 1340 1382 1418 statuae,

213 1472 316 1537 opera
338 1450 475 1516 maioris
498 1450 736 1538 amplitudinis
752 1452 894 1539 sculpta,
911 1449 1073 1536 thesauri,
1097 1451 1234 1536 templa.
1274 1449 1383 1515 Accu-

214 1565 321 1632 ratius
345 1565 382 1631 in
404 1565 492 1632 hanc
516 1589 588 1632 rem
604 1567 786 1654 inquisivit
808 1569 849 1634 E.
867 1567 1005 1633 Curtius
1013 1561 1049 1652 ³),
1075 1567 1133 1653 qui
1156 1588 1283 1652 genera
1305 1588 1384 1631 ana-

211 1682 402 1748 thematum
425 1683 546 1748 statuit
570 1689 743 1768 quattuor,
771 1683 933 1770 respicias
960 1682 1066 1748 velim
1089 1682 1190 1747 huius
1213 1681 1281 1747 viri
1305 1681 1384 1747 doc-

213 1798 339 1864 tissimi
355 1799 640 1865 dissertationem.
679 1799 850 1885 Equidem
865 1799 928 1865 hoc
944 1800 1017 1864 loco
1041 1797 1083 1863 de
1099 1797 1256 1886 operibus
1273 1798 1384 1885 sculp-

212 1915 258 1981 tis
287 1921 322 1980 et
355 1914 457 2002 pictis
490 1914 631 1999 tabulis,
668 1921 834 2000 quatenus
864 1937 998 2002 pugnas
1030 1913 1128 1979 nobis
1157 1922 1236 1980 ante
1271 1915 1384 1980 oculos

211 2037 473 2118 proposuerunt,
502 2053 609 2118 pauca
632 2031 763 2096 addam.
811 2030 959 2118 Operum
982 2032 1191 2118 sculptorum
1214 2029 1384 2095 dedicatio

212 2169 289 2212 cum
312 2148 479 2213 vetustior
513 2147 574 2232 sit,
612 2147 758 2234 priorem
793 2147 946 2213 obtineat
973 2148 1094 2212 locum.
1140 2148 1195 2212 Ex
1217 2146 1271 2211 his
1296 2145 1383 2211 anti·

212 2262 413 2348 quissimum
437 2263 527 2349 quod
550 2263 727 2328 attulimus
756 2263 948 2350 exemplum
983 2286 1010 2328 c.
1039 2286 1128 2328 anno
1152 2263 1219 2326 550
1246 2285 1274 2327 a.
1303 2261 1383 2327 Chr.

211 2370 329 2444 debuit
352 2379 506 2444 attribui:
529 2379 695 2444 Hercules
723 2385 758 2444 et
780 2378 951 2445 Achelous
975 2378 1271 2466 conspiciebantur
1299 2399 1384 2464 pug-

213 2500 345 2561 nantes.
392 2494 506 2581 Atque
540 2495 616 2582 pari
650 2495 750 2560 modo
775 2502 886 2560 cetera
918 2517 1019 2582 opera
1052 2518 1105 2560 res
1141 2518 1159 2560 e
1187 2494 1384 2580 mythorum

211 2617 322 2677 aetate
346 2611 561 2698 depromptas
586 2610 759 2695 exhibent,
776 2610 919 2676 cumdii
941 2611 1125 2696 heroesque
1141 2610 1240 2676 modo
1261 2610 1385 2675 acriter

210 2733 366 2813 pugnant
393 2726 492 2792 modo
520 2733 642 2812 parant
676 2727 843 2814 proelium
876 2727 975 2792 modo
1010 2727 1159 2814 placidos
1184 2726 1383 2813 quietosque

213 2865 248 2908 se
271 2843 444 2930 praebent.
490 2843 668 2908 Interdum
691 2865 767 2908 cum
792 2842 858 2908 diis
882 2842 1106 2929 heroibusque
1129 2843 1197 2908 viri
1221 2842 1383 2907 historiae

211 2959 279 3024 fide
313 2959 388 3024 noti
421 2959 647 3024 inveniuntur
682 2959 872 3024 commixti:
901 2959 1063 3024 lectorem
1086 2957 1250 3024 admoneo
1274 2956 1380 3023 Milti-

214 3073 293 3150 adis
311 3075 518 3161 heroumque
539 3074 732 3142 Atticorum
753 3082 787 3140 et
814 3074 986 3161 Lysandri
1009 3075 1150 3140 aliorum
1178 3073 1384 3158 deorumque

212 3191 356 3256 illorum.
418 3190 484 3256 Ars
517 3191 625 3277 igitur
670 3191 833 3256 statuaria
871 3188 921 3274 (id
955 3189 1041 3254 mihi
1090 3191 1203 3256 dicere
1252 3187 1383 3272 licebit)

213 3307 491 3394 quotiescumque
506 3308 621 3395 agitur
637 3306 679 3373 de
695 3301 985 3394 symplegmatis⁴)
1001 3307 1038 3372 in
1053 3306 1206 3392 personis
1222 3304 1383 3392 nrythicis

321 3831 349 3903 1)
368 3831 423 3886 Illa
451 3831 528 3888 enim
555 3830 660 3885 Martis
678 3835 776 3886 statua
794 3849 882 3903 supra
908 3829 992 3886 initio
1020 3830 1109 3884 allata
1131 3829 1179 3886 hic
1202 3847 1303 3886 revera
1323 3817 1385 3885 vin·

214 3921 303 3977 dicari
322 3940 380 3976 non
398 3927 503 3994 potest.

319 4046 347 4118 2)
367 4047 445 4102 Plut.
464 4045 553 4103 Arist.
575 4046 616 4102 19.
637 4077 668 4084 —
692 4045 791 4102 Simile
810 4046 954 4117 quoddam
972 4045 1051 4100 valet
1069 4044 1104 4100 de
1123 4046 1308 4100 anathemate
1327 4043 1384 4117 pri-

213 4141 296 4193 vato:
314 4135 451 4208 intellego
470 4135 670 4207 Hegelochum
688 4134 904 4204 Atheniensem,
930 4133 979 4206 qui
998 4140 1126 4188 statuam
1144 4152 1227 4190 suam
1245 4140 1385 4205 tanquam

213 4225 311 4298 μνῆμα
330 4219 424 4278 πόνων
439 4215 529 4296 '‘quoc
548 4223 661 4280 dedicat
679 4223 828 4280 Minervae
847 4223 889 4294 (0.
908 4223 937 4279 J.
956 4223 990 4279 A.
1010 4225 1033 4291 I,
1053 4221 1126 4294 314).

320 4349 348 4422 3)
367 4351 385 4406 1.
405 4352 423 4404 1.
442 4370 469 4423 p.
488 4351 542 4405 cce
560 4368 620 4421 sqq.

327 4478 355 4546 4)
374 4477 432 4532 Pro
450 4476 591 4533 vocabulo
611 4475 755 4531 Germano
776 4473 927 4548 „Gruppe“
945 4473 1044 4529 Latini
1061 4473 1170 4529 habent
1187 4491 1246 4530 non
1265 4474 1386 4530 vccabu-

216 4567 289 4622 lum:
310 4564 533 4638 „symplegma“,
552 4565 627 4636 quod
647 4564 723 4637 apud
742 4564 869 4620 Plinium
888 4564 927 4632 (h.
939 4583 966 4618 n.
976 4563 1116 4632 XXXVI,
1136 4563 1160 4632 5,
1174 4564 1217 4620 24.
1231 4561 1277 4634 35)
1296 4567 1385 4632 extat,
